[{"id":0,"title":"Karotten","price":0.89,"supermarket":"lidl","quantity":"1 kg","image":"https://at.cat-ret.assets.lidl/catalog4media/at/article/202106020101/xs/202106020101_02.jpg"},{"id":1,"title":"Strauchtomaten","price":1.59,"supermarket":"lidl","quantity":"per kg","image":"https://at.cat-ret.assets.lidl/catalog4media/at/article/202106020104/xs/202106020104_01.jpg"},{"id":2,"title":"Äpfel rot, Tessa®","price":1.39,"supermarket":"lidl","quantity":"900 g (1 kg = 1.54)","image":"https://at.cat-ret.assets.lidl/catalog4media/at/article/202106020102/xs/202106020102_01.jpg"},{"id":3,"title":"Kartoffelbrot","price":1.39,"supermarket":"lidl","quantity":"350 g (1 kg = 3.98)","image":"https://at.cat-ret.assets.lidl/catalog4media/at/article/202106020106/xs/202106020106_01.jpg"},{"id":4,"title":"Zwetschgenstreuseltaler","price":0.89,"supermarket":"lidl","quantity":"je stk.","image":"https://at.cat-ret.assets.lidl/catalog4media/at/article/202106020107/xs/202106020107_01.jpg"},{"id":5,"title":"Pizzabreze","price":1.19,"supermarket":"lidl","quantity":"je stk.","image":"https://at.cat-ret.assets.lidl/catalog4media/at/article/202106020108/xs/202106020108_01.jpg"},{"id":6,"title":"Körndlbrot","price":1.99,"supermarket":"lidl","quantity":"750 g (1 kg = 2.65)","image":"https://at.cat-ret.assets.lidl/catalog4media/at/article/202106020109/xs/202106020109_01.jpg"},{"id":7,"title":"Frische Hendl-Grillplatte","price":3.39,"supermarket":"lidl","quantity":"800 g (1 kg = 4.24)","image":"https://at.cat-ret.assets.lidl/catalog4media/at/article/202106020110/xs/202106020110_01.jpg"},{"id":8,"title":"Frische Putenbrustschnitzel","price":7.49,"supermarket":"lidl","quantity":"1 kg","image":"https://at.cat-ret.assets.lidl/catalog4media/at/article/202106020111/xs/202106020111_01.jpg"},{"id":9,"title":"Frisches Prime-Rib-Steak","price":9.99,"supermarket":"lidl","quantity":"z.b.: 588 g (1 kg = 16.99)","image":"https://at.cat-ret.assets.lidl/catalog4media/at/article/202106020113/xs/202106020113_01.jpg"},{"id":10,"title":"Frische ASC White Tiger Garnelenspieße","price":2.99,"supermarket":"lidl","quantity":"120 g (1 kg = 24.92)","image":"https://at.cat-ret.assets.lidl/catalog4media/at/article/202106020112/xs/202106020112_01.jpg"},{"id":11,"title":"Cantaloupemelone","price":0,"supermarket":"lidl","quantity":"","image":"https://at.cat-ret.assets.lidl/catalog4media/at/article/202106020103/xs/202106020103_01.jpg"},{"id":12,"title":"Eissalat","price":0,"supermarket":"lidl","quantity":"","image":"https://at.cat-ret.assets.lidl/catalog4media/at/article/202106020105/xs/202106020105_01.jpg"},{"id":13,"title":"Frische Bratwurst","price":3.49,"supermarket":"lidl","quantity":"400 g (1 kg = 8.72)","image":"https://at.cat-ret.assets.lidl/catalog4media/at/article/201382/xs/201382_01.jpg"},{"id":14,"title":"Ochsenburger","price":2.99,"supermarket":"lidl","quantity":"250 g (1 kg = 11.96)","image":"https://at.cat-ret.assets.lidl/catalog4media/at/article/240804/xs/240804_01.jpg"},{"id":15,"title":"Pfirsiche/Nektarinen/ Marillen/Weinbergpfirsiche","price":0,"supermarket":"lidl","quantity":"","image":"https://at.cat-ret.assets.lidl/catalog4media/at/article/202105270105/xs/202105270105_01.jpg"},{"id":16,"title":"ASC Lachs-Spezialitäten","price":4.99,"supermarket":"lidl","quantity":"220 g (1 kg = 22.68)","image":"https://at.cat-ret.assets.lidl/catalog4media/at/article/202105270109/xs/202105270109_01.jpg"},{"id":17,"title":"Frische Hendl Minutenschnitzel mariniert","price":3.29,"supermarket":"lidl","quantity":"400 g (1 kg = 8.23)","image":"https://at.cat-ret.assets.lidl/catalog4media/at/article/202105270112/xs/202105270112_01.jpg"},{"id":18,"title":"Frische Bratwurst","price":3.49,"supermarket":"lidl","quantity":"400 g (1 kg = 8.73)","image":"https://at.cat-ret.assets.lidl/catalog4media/at/article/202105270113/xs/202105270113_01.jpg"},{"id":19,"title":"Frisches T-Bone Steak","price":2.79,"supermarket":"lidl","quantity":"z.b.: 400 g (1 kg = 6.99)","image":"https://at.cat-ret.assets.lidl/catalog4media/at/article/202105270111/xs/202105270111_01.jpg"},{"id":20,"title":"Mochi Eis","price":3.99,"supermarket":"lidl","quantity":"210 g (1 kg = 19.00)","image":"https://at.cat-ret.assets.lidl/catalog4media/at/article/260494/xs/260494_02.jpg"},{"id":21,"title":"AMA Hendl Ober-/Unterkeulen","price":3.09,"supermarket":"lidl","quantity":"500 g (1 kg = 6.18)","image":"https://at.cat-ret.assets.lidl/catalog4media/at/article/254626/xs/254626_02.jpg"},{"id":22,"title":"Landhof Berner Würstl/Käsekrainer","price":3.29,"supermarket":"lidl","quantity":"300/360 g (1 kg = 10.97/9.14)","image":"https://at.cat-ret.assets.lidl/catalog4media/at/article/254444/xs/254444_01.jpg"},{"id":23,"title":"Monster Energy Drink","price":0.99,"supermarket":"lidl","quantity":"0,5 liter (1 l = 1.98)","image":"https://at.cat-ret.assets.lidl/catalog4media/at/article/202105120316/xs/202105120316_01.jpg"},{"id":24,"title":"Hurricane","price":2.29,"supermarket":"lidl","quantity":"7x 75ml (1 l = 4.36)","image":"https://at.cat-ret.assets.lidl/catalog4media/at/article/5702612/xs/5702612_01.jpg"},{"id":25,"title":"Keksschnitte","price":2.69,"supermarket":"lidl","quantity":"8x 120 ml (1 l = 2.80)","image":"https://at.cat-ret.assets.lidl/catalog4media/at/article/38767/xs/38767_01.jpg"},{"id":26,"title":"Premium Waffeltüten","price":1.99,"supermarket":"lidl","quantity":"6x 120 ml (1 l = 2.76)","image":"https://at.cat-ret.assets.lidl/catalog4media/at/article/67442/xs/67442_01.jpg"},{"id":27,"title":"Push Up Eis","price":2.29,"supermarket":"lidl","quantity":"6x 110 ml (1 l = 3.47)","image":"https://at.cat-ret.assets.lidl/catalog4media/at/article/74802/xs/74802_01.jpg"},{"id":28,"title":"Vegane Eisbecher","price":2.99,"supermarket":"lidl","quantity":"500 ml (1 l = 5.98)","image":"https://at.cat-ret.assets.lidl/catalog4media/at/article/242538/xs/242538_01.jpg"},{"id":29,"title":"Veganes Stieleis","price":1.99,"supermarket":"lidl","quantity":"3x 90 ml (1 l = 7.37)","image":"https://at.cat-ret.assets.lidl/catalog4media/at/article/254148/xs/254148_01.jpg"},{"id":30,"title":"Eskimo Happy Mix/Summer Mix","price":4.29,"supermarket":"lidl","quantity":"646/644 ml (1 l = 6.64/6.66)","image":"https://at.cat-ret.assets.lidl/catalog4media/at/article/228331/xs/228331_01.jpg"},{"id":31,"title":"Kindermischbox","price":2.29,"supermarket":"lidl","quantity":"517/600 ml (1 l = 4.43/3.82)","image":"https://at.cat-ret.assets.lidl/catalog4media/at/article/116534/xs/116534_01.jpg"},{"id":32,"title":"Ananas-Himbeer Stieleis","price":1.79,"supermarket":"lidl","quantity":"6x 60 ml (1 l = 4.97)","image":"https://at.cat-ret.assets.lidl/catalog4media/at/article/242189/xs/242189_01.jpg"},{"id":33,"title":"Sandwich Eis","price":1.59,"supermarket":"lidl","quantity":"8x 90 ml (1 l = 2.21)","image":"https://at.cat-ret.assets.lidl/catalog4media/at/article/226695/xs/226695_01.jpg"},{"id":34,"title":"Stieleis Frucht","price":1.39,"supermarket":"lidl","quantity":"3x 110 ml (1 l = 4.21)","image":"https://at.cat-ret.assets.lidl/catalog4media/at/article/202077/xs/202077_01.jpg"},{"id":35,"title":"Premium Stieleis","price":2.39,"supermarket":"lidl","quantity":"4x 90 ml (1 l = 6.64)","image":"https://at.cat-ret.assets.lidl/catalog4media/at/article/98646/xs/98646_01.jpg"},{"id":36,"title":"Waffeltüte Triple","price":1.99,"supermarket":"lidl","quantity":"4x 130 ml (1 l = 3.83)","image":"https://at.cat-ret.assets.lidl/catalog4media/at/article/227215/xs/227215_01.jpg"},{"id":37,"title":"Simit Sesamring","price":0.59,"supermarket":"lidl","quantity":"je stk.","image":"https://at.cat-ret.assets.lidl/catalog4media/at/article/253085/xs/253085_01.jpg"},{"id":38,"title":"Julius Meinl Präsident Kaffee","price":3.79,"supermarket":"lidl","quantity":"550 g (1 kg = 6.89)","image":"https://at.cat-ret.assets.lidl/catalog4media/at/article/5007844/xs/5007844_01.jpg"},{"id":39,"title":"Frische Hendl Ober-/Unterkeulen gewürzt","price":2.99,"supermarket":"lidl","quantity":"500 g (1 kg = 5.98)","image":"https://at.cat-ret.assets.lidl/catalog4media/at/article/254626/xs/254626_01.jpg"},{"id":40,"title":"Frische Spare Ribs","price":4.99,"supermarket":"lidl","quantity":"z.b.: 625 g (1 kg = 7.99)","image":"https://at.cat-ret.assets.lidl/catalog4media/at/article/200355/xs/200355_01.jpg"},{"id":41,"title":"Landhof Grillparty Mix","price":5.49,"supermarket":"lidl","quantity":"450 g (1 kg = 12.20)","image":"https://at.cat-ret.assets.lidl/catalog4media/at/article/254445/xs/254445_01.jpg"},{"id":42,"title":"Halloumi Grillkäse","price":2.19,"supermarket":"lidl","quantity":"225 g (1 kg = 9.73)","image":"https://at.cat-ret.assets.lidl/catalog4media/at/article/6300087/xs/6300087_01.jpg"},{"id":43,"title":"Focacciateig/Grillteig","price":0.89,"supermarket":"lidl","quantity":"385/400 g (1 kg = 2.31/2.23)","image":"https://at.cat-ret.assets.lidl/catalog4media/at/article/252818/xs/252818_01.jpg"},{"id":44,"title":"Spak Saucen","price":0.99,"supermarket":"lidl","quantity":"250 ml (1 l = 3.96)","image":"https://at.cat-ret.assets.lidl/catalog4media/at/article/254429/xs/254429_01.jpg"},{"id":45,"title":"BBQ-Saucen","price":0.99,"supermarket":"lidl","quantity":"250 ml (1 l = 3.96)","image":"https://at.cat-ret.assets.lidl/catalog4media/at/article/147760/xs/147760_01.jpg"},{"id":46,"title":"Grillparty Mix","price":5.49,"supermarket":"lidl","quantity":"450 g (1 kg = 12.20)","image":"https://at.cat-ret.assets.lidl/catalog4media/at/article/254445/xs/254445_01.jpg"},{"id":47,"title":"Grilltaler","price":2.39,"supermarket":"lidl","quantity":"280 g (1 kg = 8.54)","image":"https://at.cat-ret.assets.lidl/catalog4media/at/article/204508/xs/204508_02.jpg"},{"id":48,"title":"Cantaloupemelone","price":0,"supermarket":"lidl","quantity":"","image":"https://at.cat-ret.assets.lidl/catalog4media/at/article/melone/xs/Melone_01.jpg"},{"id":49,"title":"Wassermelone kernarm","price":0,"supermarket":"lidl","quantity":"","image":"https://at.cat-ret.assets.lidl/catalog4media/at/article/wassermelone/xs/Wassermelone_01.jpg"},{"id":50,"title":"Frische Putenspieße mariniert","price":2.79,"supermarket":"lidl","quantity":"300 g (1 kg = 9.30)","image":"https://at.cat-ret.assets.lidl/catalog4media/at/article/201929/xs/201929_01.jpg"},{"id":51,"title":"Landhof Mexican- oder Käsegriller","price":2.29,"supermarket":"lidl","quantity":"250 g (1 kg = 9.16)","image":"https://at.cat-ret.assets.lidl/catalog4media/at/article/254426/xs/254426_01.jpg"},{"id":52,"title":"Frisches Lachsfilet mit Haut","price":7.99,"supermarket":"lidl","quantity":"4x 125 g (1 kg = 15.98)","image":"https://at.cat-ret.assets.lidl/catalog4media/at/article/230020/xs/230020_01.jpg"},{"id":53,"title":"Frische Bauchstreifen mariniert","price":3.99,"supermarket":"lidl","quantity":"500 g (1 kg = 7.98)","image":"https://at.cat-ret.assets.lidl/catalog4media/at/article/202104280202/xs/202104280202_04.jpg"},{"id":54,"title":"ASC Grilllachs mariniert","price":4.99,"supermarket":"lidl","quantity":"250 g (1 kg = 19.96)","image":"https://at.cat-ret.assets.lidl/catalog4media/at/article/202104280207/xs/202104280207_04.jpg"},{"id":55,"title":"AMA Salzstangerl","price":0.39,"supermarket":"lidl","quantity":"je stk.","image":"https://at.cat-ret.assets.lidl/catalog4media/at/article/200037/xs/200037_01.jpg"},{"id":56,"title":"Spargelspitzen grün, 300 g","price":0,"supermarket":"lidl","quantity":"","image":"https://at.cat-ret.assets.lidl/catalog4media/at/article/spargelspitze/xs/Spargelspitze_01.jpg"},{"id":57,"title":"Spargel weiß, 500 g","price":0,"supermarket":"lidl","quantity":"","image":"https://at.cat-ret.assets.lidl/catalog4media/at/article/spargel/xs/Spargel_02.jpg"},{"id":58,"title":"Frische Chicken Wings mariniert","price":2.49,"supermarket":"lidl","quantity":"500 g (1 kg = 4.98)","image":"https://at.cat-ret.assets.lidl/catalog4media/at/article/208685/xs/208685_02.jpg"},{"id":59,"title":"Knoblauchstangerl","price":0.99,"supermarket":"lidl","quantity":"je stk.","image":"https://at.cat-ret.assets.lidl/catalog4media/at/article/246719/xs/246719_01.jpg"},{"id":60,"title":"Efko Vogerlsalat","price":1.29,"supermarket":"lidl","quantity":"100 g (1 kg = 12.90)","image":"https://at.cat-ret.assets.lidl/catalog4media/at/article/252283/xs/252283_01.jpg"},{"id":61,"title":"Leberkäse geschnitten","price":2.29,"supermarket":"lidl","quantity":"250 g (1 kg = 9.16)","image":"https://at.cat-ret.assets.lidl/catalog4media/at/article/252590/xs/252590_01.jpg"},{"id":62,"title":"SARS-CoV-2-Antigen Schnelltest","price":3.99,"supermarket":"lidl","quantity":"je pkg.","image":"https://at.cat-ret.assets.lidl/catalog4media/at/article/antigen/xs/Antigen_01.jpg"},{"id":63,"title":"AMA Bio Schafs- und Ziegenjoghurt","price":0.99,"supermarket":"lidl","quantity":"190 g (1 kg = 5.21)","image":"https://at.cat-ret.assets.lidl/catalog4media/at/article/250818/xs/250818_03.jpg"},{"id":64,"title":"High Proteindrink","price":0.95,"supermarket":"lidl","quantity":"350 g (1 kg = 2.71)","image":"https://at.cat-ret.assets.lidl/catalog4media/at/article/244849/xs/244849_03.jpg"},{"id":65,"title":"L. Casei Drink","price":0.95,"supermarket":"lidl","quantity":"4x 125 g (1 kg = 1.90)","image":"https://at.cat-ret.assets.lidl/catalog4media/at/article/240996/xs/240996_02.jpg"},{"id":66,"title":"Hamburger","price":2.49,"supermarket":"lidl","quantity":"250 g (1 kg = 9.96)","image":"https://at.cat-ret.assets.lidl/catalog4media/at/article/229456/xs/229456_02.jpg"},{"id":67,"title":"Osterpinze","price":1.89,"supermarket":"lidl","quantity":"400 g (1 kg = 4.73)","image":"https://at.cat-ret.assets.lidl/catalog4media/at/article/233808/xs/233808_02.jpg"},{"id":68,"title":"Pure One Süßungsmittel","price":3.49,"supermarket":"lidl","quantity":"500 g (1 kg = 6.98)","image":"https://at.cat-ret.assets.lidl/catalog4media/at/article/202103150305/xs/202103150305_01.jpg"},{"id":69,"title":"Tierwohl-Eier aus Freilandhaltung","price":2.89,"supermarket":"lidl","quantity":"10 stk. (1 stk. = 0.29)","image":"https://at.cat-ret.assets.lidl/catalog4media/at/article/202103150309/xs/202103150309_01.jpg"},{"id":70,"title":"Wiener Schnitzel/Cordon Bleu","price":4.49,"supermarket":"lidl","quantity":"460/500 g (1 kg = 9.76/8.98)","image":"https://at.cat-ret.assets.lidl/catalog4media/at/article/201381/xs/201381_01.jpg"},{"id":71,"title":"Radieschen Bund","price":0,"supermarket":"spar","quantity":"1 stk","image":"https://cdn1.interspar.at/cachableservlets/articleImage.dam/at/2032511/dt_main.jpg"},{"id":72,"title":"Rispentomaten Midi","price":1,"supermarket":"spar","quantity":"350 g","image":"https://cdn1.interspar.at/cachableservlets/articleImage.dam/at/2020002783181/dt_main.jpg"},{"id":73,"title":"Gurke","price":0,"supermarket":"spar","quantity":"1 stk","image":"https://cdn1.interspar.at/cachableservlets/articleImage.dam/at/6707644/dt_main.jpg"},{"id":74,"title":"Mini Wassermelone","price":1,"supermarket":"spar","quantity":"1 stk","image":"https://cdn1.interspar.at/cachableservlets/articleImage.dam/at/6725136/dt_main.jpg"},{"id":75,"title":"Kirschen per kg","price":6,"supermarket":"spar","quantity":"","image":"https://cdn1.interspar.at/cachableservlets/articleImage.dam/at/6644505/dt_main.jpg"},{"id":76,"title":"Marillen per kg","price":2,"supermarket":"spar","quantity":"","image":"https://cdn1.interspar.at/cachableservlets/articleImage.dam/at/6664022/dt_main.jpg"},{"id":77,"title":"ÄPFEL GOLDEN DELICIOUS GELEGT PER KG","price":1,"supermarket":"spar","quantity":"","image":"https://cdn1.interspar.at/cachableservlets/articleImage.dam/at/6701307/dt_main.jpg"},{"id":78,"title":"SPAR PREMIUM PREMIUM Mozzarella di Bufala Campana D.O.P.","price":1,"supermarket":"spar","quantity":"125 g","image":"https://cdn1.interspar.at/cachableservlets/articleImage.dam/at/1568448/dt_main.jpg"},{"id":79,"title":"SPAR PREMIUM PREMIUM Mozzarella di Bufala Campana D.O.P. Mini","price":1,"supermarket":"spar","quantity":"120 g","image":"https://cdn1.interspar.at/cachableservlets/articleImage.dam/at/3075654/dt_main.jpg"},{"id":80,"title":"SPAR NATUR*PUR Bio-Fruchtmolke Mango","price":0,"supermarket":"spar","quantity":"0,5 l","image":"https://cdn1.interspar.at/cachableservlets/articleImage.dam/at/2020003418624/dt_main.jpg"},{"id":81,"title":"SPAR NATUR*PUR Bio-Fruchtmolke Maracuja","price":0,"supermarket":"spar","quantity":"0,5 l","image":"https://cdn1.interspar.at/cachableservlets/articleImage.dam/at/2020003418662/dt_main.jpg"},{"id":82,"title":"SPAR NATUR*PUR Bio-Jogurt Zitrone","price":0,"supermarket":"spar","quantity":"200 g","image":"https://cdn1.interspar.at/cachableservlets/articleImage.dam/at/2020001688166/dt_main.jpg"},{"id":83,"title":"SPAR NATUR*PUR Bio-Jogurt Heidelbeer","price":0,"supermarket":"spar","quantity":"200 g","image":"https://cdn1.interspar.at/cachableservlets/articleImage.dam/at/2020001706167/dt_main.jpg"},{"id":84,"title":"SPAR NATUR*PUR Bio-Jogurt Guave-Drachenfrucht","price":0,"supermarket":"spar","quantity":"200 g","image":"https://cdn1.interspar.at/cachableservlets/articleImage.dam/at/2020003688515/dt_main.jpg"},{"id":85,"title":"SPAR NATUR*PUR Bio-Jogurt Mango-Kurkuma","price":0,"supermarket":"spar","quantity":"200 g","image":"https://cdn1.interspar.at/cachableservlets/articleImage.dam/at/2020003688744/dt_main.jpg"},{"id":86,"title":"SPAR NATUR*PUR Bio-Jogurt Pfirsich-Passionsfrucht","price":0,"supermarket":"spar","quantity":"200 g","image":"https://cdn1.interspar.at/cachableservlets/articleImage.dam/at/2020003688829/dt_main.jpg"},{"id":87,"title":"SPAR NATUR*PUR Bio-Jogurt aus Wiesenmilch Pfirsich-Marille","price":0,"supermarket":"spar","quantity":"200 g","image":"https://cdn1.interspar.at/cachableservlets/articleImage.dam/at/3573648/dt_main.jpg"},{"id":88,"title":"SPAR NATUR*PUR Bio-Jogurt Birne-Feige","price":0,"supermarket":"spar","quantity":"200 g","image":"https://cdn1.interspar.at/cachableservlets/articleImage.dam/at/3921630/dt_main.jpg"},{"id":89,"title":"SPAR NATUR*PUR Bio-Jogurt aus Wiesenmilch Himbeer","price":0,"supermarket":"spar","quantity":"200 g","image":"https://cdn1.interspar.at/cachableservlets/articleImage.dam/at/4006251/dt_main.jpg"},{"id":90,"title":"SPAR NATUR*PUR Bio-Jogurt aus Wiesenmilch Müsli","price":0,"supermarket":"spar","quantity":"200 g","image":"https://cdn1.interspar.at/cachableservlets/articleImage.dam/at/4617334/dt_main.jpg"},{"id":91,"title":"SPAR NATUR*PUR Bio-Jogurt Vanille","price":0,"supermarket":"spar","quantity":"200 g","image":"https://cdn1.interspar.at/cachableservlets/articleImage.dam/at/6753672/dt_main.jpg"},{"id":92,"title":"Baguette mit Kräuterbutter","price":0,"supermarket":"spar","quantity":"175 g","image":"https://cdn1.interspar.at/cachableservlets/articleImage.dam/at/4000594/dt_main.jpg"},{"id":93,"title":"Baguette mit Knoblauchbutter","price":0,"supermarket":"spar","quantity":"175 g","image":"https://cdn1.interspar.at/cachableservlets/articleImage.dam/at/4000600/dt_main.jpg"},{"id":94,"title":"DESPAR Tiramisu 2 x 90g","price":1,"supermarket":"spar","quantity":"180 g","image":"https://cdn1.interspar.at/cachableservlets/articleImage.dam/at/3082270/dt_main.jpg"},{"id":95,"title":"DESPAR Mascarpone","price":2,"supermarket":"spar","quantity":"500 g","image":"https://cdn1.interspar.at/cachableservlets/articleImage.dam/at/2020001529728/dt_main.jpg"},{"id":96,"title":"DESPAR Panna Cotta caramello 2 x 100g","price":1,"supermarket":"spar","quantity":"200 g","image":"https://cdn1.interspar.at/cachableservlets/articleImage.dam/at/2020001751327/dt_main.jpg"},{"id":97,"title":"DANONE OBSTGARTEN Light Pfirsich","price":0,"supermarket":"spar","quantity":"175 g","image":"https://cdn1.interspar.at/cachableservlets/articleImage.dam/at/1423778/dt_main.jpg"},{"id":98,"title":"LATTELLA Frucht & Molke Maracuja","price":0,"supermarket":"spar","quantity":"1 l","image":"https://cdn1.interspar.at/cachableservlets/articleImage.dam/at/2020001537570/dt_main.jpg"},{"id":99,"title":"LATTELLA frucht & molke Mango","price":0,"supermarket":"spar","quantity":"1 l","image":"https://cdn1.interspar.at/cachableservlets/articleImage.dam/at/2972138/dt_main.jpg"},{"id":100,"title":"DANONE DANY+SAHNE Vanille-Geschmack 190g","price":0,"supermarket":"spar","quantity":"190 g","image":"https://cdn1.interspar.at/cachableservlets/articleImage.dam/at/3054383/dt_main.jpg"},{"id":101,"title":"DANONE DANY+SAHNE Schoko 190g","price":0,"supermarket":"spar","quantity":"190 g","image":"https://cdn1.interspar.at/cachableservlets/articleImage.dam/at/3401927/dt_main.jpg"},{"id":102,"title":"DANONE OBSTGARTEN Light Erdbeere","price":0,"supermarket":"spar","quantity":"175 g","image":"https://cdn1.interspar.at/cachableservlets/articleImage.dam/at/7380662/dt_main.jpg"},{"id":103,"title":"SPAR FREE FROM griechischer Feta","price":1,"supermarket":"spar","quantity":"150 g","image":"https://cdn1.interspar.at/cachableservlets/articleImage.dam/at/2020003036743/dt_main.jpg"},{"id":104,"title":"SCHÄRDINGER Mozzarella Minis","price":0,"supermarket":"spar","quantity":"125 g","image":"https://cdn1.interspar.at/cachableservlets/articleImage.dam/at/2020003038587/dt_main.jpg"},{"id":105,"title":"SPAR FREE FROM Mozzarella","price":0,"supermarket":"spar","quantity":"125 g","image":"https://cdn1.interspar.at/cachableservlets/articleImage.dam/at/2403526/dt_main.jpg"},{"id":106,"title":"SCHÄRDINGER Landfrischkäse Sommergemüse","price":0,"supermarket":"spar","quantity":"200 g","image":"https://cdn1.interspar.at/cachableservlets/articleImage.dam/at/3555118/dt_main.jpg"},{"id":107,"title":"SCHÄRDINGER Landfrischkäse Natur","price":0,"supermarket":"spar","quantity":"200 g","image":"https://cdn1.interspar.at/cachableservlets/articleImage.dam/at/5508440/dt_main.jpg"},{"id":108,"title":"DIE KÄSEMACHER Oliven gefüllt mit Frischkäse","price":2,"supermarket":"spar","quantity":"180 g","image":"https://cdn1.interspar.at/cachableservlets/articleImage.dam/at/6561673/dt_main.jpg"},{"id":109,"title":"DIE KÄSEMACHER Scharfe Pfefferoni gefüllt mit Frischkäse","price":2,"supermarket":"spar","quantity":"180 g","image":"https://cdn1.interspar.at/cachableservlets/articleImage.dam/at/6561741/dt_main.jpg"},{"id":110,"title":"PHILADELPHIA SO LEICHT Natur","price":1,"supermarket":"spar","quantity":"175 g","image":"https://cdn1.interspar.at/cachableservlets/articleImage.dam/at/6930523/dt_main.jpg"},{"id":111,"title":"DIE KÄSEMACHER Frischkäsebällchen mit Pfeffer","price":2,"supermarket":"spar","quantity":"180 g","image":"https://cdn1.interspar.at/cachableservlets/articleImage.dam/at/7378171/dt_main.jpg"},{"id":112,"title":"PHILADELPHIA BALANCE Räucherlachs mit Dill","price":1,"supermarket":"spar","quantity":"175 g","image":"https://cdn1.interspar.at/cachableservlets/articleImage.dam/at/1192476/dt_main.jpg"},{"id":113,"title":"DR. OETKER PAULA Schoko-Haselnuss Pudding laktosefrei 4x125g","price":1,"supermarket":"spar","quantity":"500 g","image":"https://cdn1.interspar.at/cachableservlets/articleImage.dam/at/2020002496111/dt_main.jpg"},{"id":114,"title":"PHILADELPHIA BALANCE Feta & Gurke","price":1,"supermarket":"spar","quantity":"175 g","image":"https://cdn1.interspar.at/cachableservlets/articleImage.dam/at/2121048/dt_main.jpg"},{"id":115,"title":"SCHÄRDINGER Moosbacher","price":1,"supermarket":"spar","quantity":"1 kg","image":"https://cdn1.interspar.at/cachableservlets/articleImage.dam/at/2718453/dt_main.jpg"},{"id":116,"title":"SAINT AGUR Französischer Edelpilzkäse","price":1,"supermarket":"spar","quantity":"1 kg","image":"https://cdn1.interspar.at/cachableservlets/articleImage.dam/at/3040331/dt_main.jpg"},{"id":117,"title":"RAMBOL Schmelzkäse","price":1,"supermarket":"spar","quantity":"1 kg","image":"https://cdn1.interspar.at/cachableservlets/articleImage.dam/at/3046630/dt_main.jpg"},{"id":118,"title":"SCHÄRDINGER Camembert","price":2,"supermarket":"spar","quantity":"300 g","image":"https://cdn1.interspar.at/cachableservlets/articleImage.dam/at/5054206/dt_main.jpg"},{"id":119,"title":"SCHÄRDINGER SCHLANKE LINIE Landfrischkäse leicht Natur","price":0,"supermarket":"spar","quantity":"200 g","image":"https://cdn1.interspar.at/cachableservlets/articleImage.dam/at/5508426/dt_main.jpg"},{"id":120,"title":"SCHÄRDINGER Landfrischkäse Schnittlauch","price":0,"supermarket":"spar","quantity":"200 g","image":"https://cdn1.interspar.at/cachableservlets/articleImage.dam/at/5508464/dt_main.jpg"},{"id":121,"title":"HÖHLE KALTBACH Le Gruyere","price":2,"supermarket":"spar","quantity":"1 kg","image":"https://cdn1.interspar.at/cachableservlets/articleImage.dam/at/5680702/dt_main.jpg"},{"id":122,"title":"PHILADELPHIA BALANCE Kräuter","price":1,"supermarket":"spar","quantity":"175 g","image":"https://cdn1.interspar.at/cachableservlets/articleImage.dam/at/6930769/dt_main.jpg"},{"id":123,"title":"PHILADELPHIA BALANCE Meerrettich","price":1,"supermarket":"spar","quantity":"175 g","image":"https://cdn1.interspar.at/cachableservlets/articleImage.dam/at/6930820/dt_main.jpg"},{"id":124,"title":"PHILADELPHIA BALANCE Natur","price":1,"supermarket":"spar","quantity":"175 g","image":"https://cdn1.interspar.at/cachableservlets/articleImage.dam/at/6930929/dt_main.jpg"},{"id":125,"title":"PHILADELPHIA BALANCE Liptauer mild","price":1,"supermarket":"spar","quantity":"175 g","image":"https://cdn1.interspar.at/cachableservlets/articleImage.dam/at/6931056/dt_main.jpg"},{"id":126,"title":"PHILADELPHIA Schnittlauch","price":1,"supermarket":"spar","quantity":"175 g","image":"https://cdn1.interspar.at/cachableservlets/articleImage.dam/at/6931131/dt_main.jpg"},{"id":127,"title":"PHILADELPHIA SO LEICHT Kräuter","price":1,"supermarket":"spar","quantity":"175 g","image":"https://cdn1.interspar.at/cachableservlets/articleImage.dam/at/6931155/dt_main.jpg"},{"id":128,"title":"PHILADELPHIA KLASSISCH Kräuter","price":1,"supermarket":"spar","quantity":"175 g","image":"https://cdn1.interspar.at/cachableservlets/articleImage.dam/at/6931247/dt_main.jpg"},{"id":129,"title":"PHILADELPHIA KLASSISCH Natur","price":1,"supermarket":"spar","quantity":"175 g","image":"https://cdn1.interspar.at/cachableservlets/articleImage.dam/at/6931261/dt_main.jpg"},{"id":130,"title":"RAMA CREMEFINE zum Kochen 15% Fett","price":0,"supermarket":"spar","quantity":"250 ml","image":"https://cdn1.interspar.at/cachableservlets/articleImage.dam/at/2020000463948/dt_main.jpg"},{"id":131,"title":"NOA Brotaufstrich Linsen+Curry","price":1,"supermarket":"spar","quantity":"175 g","image":"https://cdn1.interspar.at/cachableservlets/articleImage.dam/at/2020002042059/dt_main.jpg"},{"id":132,"title":"DANONE DANY+SAHNE Karamell-Geschmack 190g","price":0,"supermarket":"spar","quantity":"190 g","image":"https://cdn1.interspar.at/cachableservlets/articleImage.dam/at/2020002381431/dt_main.jpg"},{"id":133,"title":"SCHÄRDINGER BERGHOF Bergbauern Joghurt Vanille","price":0,"supermarket":"spar","quantity":"450 g","image":"https://cdn1.interspar.at/cachableservlets/articleImage.dam/at/2020002512422/dt_main.jpg"},{"id":134,"title":"SCHÄRDINGER BERGHOF Bergbauern Joghurt Natur","price":0,"supermarket":"spar","quantity":"450 g","image":"https://cdn1.interspar.at/cachableservlets/articleImage.dam/at/2020002512521/dt_main.jpg"},{"id":135,"title":"NOA Brotaufstrich Kichererbse-Avocado","price":1,"supermarket":"spar","quantity":"175 g","image":"https://cdn1.interspar.at/cachableservlets/articleImage.dam/at/2020002984687/dt_main.jpg"},{"id":136,"title":"SCHÄRDINGER BERGHOF Bergbauern Joghurt Cappuccino","price":0,"supermarket":"spar","quantity":"450 g","image":"https://cdn1.interspar.at/cachableservlets/articleImage.dam/at/2020003085314/dt_main.jpg"},{"id":137,"title":"NOA Brotaufstrich Kichererbse Tomate Basilikum","price":1,"supermarket":"spar","quantity":"175 g","image":"https://cdn1.interspar.at/cachableservlets/articleImage.dam/at/2020003691058/dt_main.jpg"},{"id":138,"title":"SCHÄRDINGER BERGHOF Bergbauern Joghurt Pfirsich-Maracuja","price":0,"supermarket":"spar","quantity":"450 g","image":"https://cdn1.interspar.at/cachableservlets/articleImage.dam/at/2020003821387/dt_main.jpg"},{"id":139,"title":"RAMA CULINESSE Pflanzencreme ohne Palmöl","price":1,"supermarket":"spar","quantity":"0,5 l","image":"https://cdn1.interspar.at/cachableservlets/articleImage.dam/at/7706820/dt_main.jpg"},{"id":140,"title":"RAMA zum Kochen 100% Pflanzlich","price":0,"supermarket":"spar","quantity":"200 ml","image":"https://cdn1.interspar.at/cachableservlets/articleImage.dam/at/2020003577383/dt_main.jpg"},{"id":141,"title":"RAMA zum Aufschlagen zum Aufschlagen","price":0,"supermarket":"spar","quantity":"200 ml","image":"https://cdn1.interspar.at/cachableservlets/articleImage.dam/at/2020003577468/dt_main.jpg"},{"id":142,"title":"DANONE OBSTGARTEN Waldfrucht","price":0,"supermarket":"spar","quantity":"175 g","image":"https://cdn1.interspar.at/cachableservlets/articleImage.dam/at/186810/dt_main.jpg"},{"id":143,"title":"DANONE OBSTGARTEN Sommerzeit Brombeere","price":0,"supermarket":"spar","quantity":"175 g","image":"https://cdn1.interspar.at/cachableservlets/articleImage.dam/at/2020000994435/dt_main.jpg"},{"id":144,"title":"DANONE OBSTGARTEN Marille mit Vanillegeschmack","price":0,"supermarket":"spar","quantity":"175 g","image":"https://cdn1.interspar.at/cachableservlets/articleImage.dam/at/2020000994497/dt_main.jpg"},{"id":145,"title":"SCHÄRDINGER BERGHOF Bergbauern Joghurt Heidelbeer","price":0,"supermarket":"spar","quantity":"450 g","image":"https://cdn1.interspar.at/cachableservlets/articleImage.dam/at/2020002652258/dt_main.jpg"},{"id":146,"title":"NÖM PRO 35 kakao high protein","price":0,"supermarket":"spar","quantity":"350 g","image":"https://cdn1.interspar.at/cachableservlets/articleImage.dam/at/2020002793975/dt_main.jpg"},{"id":147,"title":"NÖM PRO PRO 35 vanille high protein","price":0,"supermarket":"spar","quantity":"350 g","image":"https://cdn1.interspar.at/cachableservlets/articleImage.dam/at/2020002793999/dt_main.jpg"},{"id":148,"title":"NÖM PRO 35 banane high protein","price":0,"supermarket":"spar","quantity":"350 g","image":"https://cdn1.interspar.at/cachableservlets/articleImage.dam/at/2020002794033/dt_main.jpg"},{"id":149,"title":"GAZI Grill- und Pfannenkäse Honey BBQ 2x 100g","price":1,"supermarket":"spar","quantity":"200 g","image":"https://cdn1.interspar.at/cachableservlets/articleImage.dam/at/2020002913625/dt_main.jpg"},{"id":150,"title":"NÖM PRO 35 erdbeere high protein","price":0,"supermarket":"spar","quantity":"350 g","image":"https://cdn1.interspar.at/cachableservlets/articleImage.dam/at/2020003690693/dt_main.jpg"},{"id":151,"title":"GAZI Grill- und Pfannenkäse Pfeffer 2x 100g","price":1,"supermarket":"spar","quantity":"200 g","image":"https://cdn1.interspar.at/cachableservlets/articleImage.dam/at/2020003787089/dt_main.jpg"},{"id":152,"title":"DANONE OBSTGARTEN Erdbeere mit Vanillegeschmack","price":0,"supermarket":"spar","quantity":"175 g","image":"https://cdn1.interspar.at/cachableservlets/articleImage.dam/at/3325896/dt_main.jpg"},{"id":153,"title":"DANONE OBSTGARTEN Waldfrucht + Vanillegeschmack","price":0,"supermarket":"spar","quantity":"175 g","image":"https://cdn1.interspar.at/cachableservlets/articleImage.dam/at/3325902/dt_main.jpg"},{"id":154,"title":"DANONE OBSTGARTEN Sommerzeit Pfirsich & Maracuja","price":0,"supermarket":"spar","quantity":"175 g","image":"https://cdn1.interspar.at/cachableservlets/articleImage.dam/at/3325919/dt_main.jpg"},{"id":155,"title":"DANONE OBSTGARTEN Heidelbeere + Vanillegeschmack","price":0,"supermarket":"spar","quantity":"175 g","image":"https://cdn1.interspar.at/cachableservlets/articleImage.dam/at/5298136/dt_main.jpg"},{"id":156,"title":"DANONE OBSTGARTEN Erdbeere","price":0,"supermarket":"spar","quantity":"175 g","image":"https://cdn1.interspar.at/cachableservlets/articleImage.dam/at/893626/dt_main.jpg"},{"id":157,"title":"DANONE OBSTGARTEN Heidelbeere","price":0,"supermarket":"spar","quantity":"175 g","image":"https://cdn1.interspar.at/cachableservlets/articleImage.dam/at/893633/dt_main.jpg"},{"id":158,"title":"SPAR NATUR*PUR Bio-Rostbraten-Ribeye-Steak","price":27,"supermarket":"spar","quantity":"1 kg","image":"https://cdn1.interspar.at/cachableservlets/articleImage.dam/at/3484838/dt_main.jpg"},{"id":159,"title":"SPAR NATUR*PUR Bio-Beiried-Rumpsteak","price":27,"supermarket":"spar","quantity":"1 kg","image":"https://cdn1.interspar.at/cachableservlets/articleImage.dam/at/3484845/dt_main.jpg"},{"id":160,"title":"SPAR BBQ Pfeffergriller 4 Stück","price":2,"supermarket":"spar","quantity":"250 g","image":"https://cdn1.interspar.at/cachableservlets/articleImage.dam/at/2020002911911/dt_main.jpg"},{"id":161,"title":"SPAR BBQ Käsewürstel mit Chili 6 Stück","price":2,"supermarket":"spar","quantity":"270 g","image":"https://cdn1.interspar.at/cachableservlets/articleImage.dam/at/2020002912437/dt_main.jpg"},{"id":162,"title":"SPAR BBQ Chili-Beef-Griller 4 Stück","price":2,"supermarket":"spar","quantity":"250 g","image":"https://cdn1.interspar.at/cachableservlets/articleImage.dam/at/2020003396717/dt_main.jpg"},{"id":163,"title":"DESPAR Antipasto Misto","price":3,"supermarket":"spar","quantity":"150 g","image":"https://cdn1.interspar.at/cachableservlets/articleImage.dam/at/7301247/dt_main.jpg"},{"id":164,"title":"SPAR ENJOY Wurst-Sticks","price":1,"supermarket":"spar","quantity":"60 g","image":"https://cdn1.interspar.at/cachableservlets/articleImage.dam/at/2020001595914/dt_main.jpg"},{"id":165,"title":"SPAR ENJOY Wurst-Sticks mit Käse","price":1,"supermarket":"spar","quantity":"60 g","image":"https://cdn1.interspar.at/cachableservlets/articleImage.dam/at/2020001964499/dt_main.jpg"},{"id":166,"title":"SPAR BBQ Käsegriller 4 Stück","price":2,"supermarket":"spar","quantity":"250 g","image":"https://cdn1.interspar.at/cachableservlets/articleImage.dam/at/2020002329730/dt_main.jpg"},{"id":167,"title":"SPAR BBQ Grillmix 4 Stück","price":2,"supermarket":"spar","quantity":"250 g","image":"https://cdn1.interspar.at/cachableservlets/articleImage.dam/at/2020002911898/dt_main.jpg"},{"id":168,"title":"BERGER Backofenschinken","price":1,"supermarket":"spar","quantity":"1 kg","image":"https://cdn1.interspar.at/cachableservlets/articleImage.dam/at/3329467/dt_main.jpg"},{"id":169,"title":"LANDHOF Grill-Party","price":4,"supermarket":"spar","quantity":"450 g","image":"https://cdn1.interspar.at/cachableservlets/articleImage.dam/at/3607749/dt_main.jpg"},{"id":170,"title":"REITER Ungarische Salami","price":5,"supermarket":"spar","quantity":"400 g","image":"https://cdn1.interspar.at/cachableservlets/articleImage.dam/at/4530794/dt_main.jpg"},{"id":171,"title":"LOIDL Haus-Salami","price":1,"supermarket":"spar","quantity":"75 g","image":"https://cdn1.interspar.at/cachableservlets/articleImage.dam/at/4898016/dt_main.jpg"},{"id":172,"title":"LOIDL Kantwurst","price":1,"supermarket":"spar","quantity":"75 g","image":"https://cdn1.interspar.at/cachableservlets/articleImage.dam/at/4898153/dt_main.jpg"},{"id":173,"title":"MOSER Schwarze Pute","price":1,"supermarket":"spar","quantity":"1 kg","image":"https://cdn1.interspar.at/cachableservlets/articleImage.dam/at/5016471/dt_main.jpg"},{"id":174,"title":"LOIDL Puten-Kantwurst","price":1,"supermarket":"spar","quantity":"75 g","image":"https://cdn1.interspar.at/cachableservlets/articleImage.dam/at/5293261/dt_main.jpg"},{"id":175,"title":"TANN Wernberger Rostbratwürstel per Packung","price":2,"supermarket":"spar","quantity":"300 g","image":"https://cdn1.interspar.at/cachableservlets/articleImage.dam/at/5345113/dt_main.jpg"},{"id":176,"title":"REITER Mini-Frankfurter","price":3,"supermarket":"spar","quantity":"250 g","image":"https://cdn1.interspar.at/cachableservlets/articleImage.dam/at/5960774/dt_main.jpg"},{"id":177,"title":"BERGER Römerschinken","price":1,"supermarket":"spar","quantity":"1 kg","image":"https://cdn1.interspar.at/cachableservlets/articleImage.dam/at/6171735/dt_main.jpg"},{"id":178,"title":"TANN Rostbratwürstel per Packung","price":2,"supermarket":"spar","quantity":"360 g","image":"https://cdn1.interspar.at/cachableservlets/articleImage.dam/at/7266324/dt_main.jpg"},{"id":179,"title":"TANN Jubiläumsschinken","price":1,"supermarket":"spar","quantity":"1 kg","image":"https://cdn1.interspar.at/cachableservlets/articleImage.dam/at/4621546/dt_main.jpg"},{"id":180,"title":"TANN Kümmelbauch gebraten","price":1,"supermarket":"spar","quantity":"1 kg","image":"https://cdn1.interspar.at/cachableservlets/articleImage.dam/at/5555659/dt_main.jpg"},{"id":181,"title":"KNABBER NOSSI Classic 12x","price":4,"supermarket":"spar","quantity":"150 g","image":"https://cdn1.interspar.at/cachableservlets/articleImage.dam/at/2020002197155/dt_main.jpg"},{"id":182,"title":"TANN Kantwurst per KG","price":1,"supermarket":"spar","quantity":"1 kg","image":"https://cdn1.interspar.at/cachableservlets/articleImage.dam/at/2020003192180/dt_main.jpg"},{"id":183,"title":"TANN Frankfurter 1kg-Packung","price":4,"supermarket":"spar","quantity":"1 kg","image":"https://cdn1.interspar.at/cachableservlets/articleImage.dam/at/7943270/dt_main.jpg"},{"id":184,"title":"TANN DRY AGED T-Bone Steak von der Kalbin","price":33,"supermarket":"spar","quantity":"1 kg","image":"https://cdn1.interspar.at/cachableservlets/articleImage.dam/at/2020002054939/dt_main.jpg"},{"id":185,"title":"SPAR FEINSTES GEFLÜGEL Hendl Brüstl 2 Stück","price":8,"supermarket":"spar","quantity":"1 kg","image":"https://cdn1.interspar.at/cachableservlets/articleImage.dam/at/563192/dt_main.jpg"},{"id":186,"title":"TANN Farmerschinken","price":1,"supermarket":"spar","quantity":"1 kg","image":"https://cdn1.interspar.at/cachableservlets/articleImage.dam/at/7019241/dt_main.jpg"},{"id":187,"title":"TANN Schweins-Karree lang abgezogen","price":6,"supermarket":"spar","quantity":"1 kg","image":"https://cdn1.interspar.at/cachableservlets/articleImage.dam/at/832939/dt_main.jpg"},{"id":188,"title":"TANN Schweins-Schopf abgezogen","price":6,"supermarket":"spar","quantity":"1 kg","image":"https://cdn1.interspar.at/cachableservlets/articleImage.dam/at/833295/dt_main.jpg"},{"id":189,"title":"TANN Rinds-Gustostücke","price":13,"supermarket":"spar","quantity":"1 kg","image":"https://cdn1.interspar.at/cachableservlets/articleImage.dam/at/835602/dt_main.jpg"},{"id":190,"title":"TANN Rinder-Faschiertes in Bedienung","price":7,"supermarket":"spar","quantity":"1 kg","image":"https://cdn1.interspar.at/cachableservlets/articleImage.dam/at/835824/dt_main.jpg"},{"id":191,"title":"SPAR ENJOY Salami-Snack","price":1,"supermarket":"spar","quantity":"80 g","image":"https://cdn1.interspar.at/cachableservlets/articleImage.dam/at/2020001549931/dt_main.jpg"},{"id":192,"title":"SPAR FEINSTES GEFLÜGEL SCHAUT DRAUF Hendl Ministeaks Für mehr Tierwohl","price":3,"supermarket":"spar","quantity":"280 g","image":"https://cdn1.interspar.at/cachableservlets/articleImage.dam/at/2020002970413/dt_main.jpg"},{"id":193,"title":"LOIDL Putensalami geschnitten","price":1,"supermarket":"spar","quantity":"75 g","image":"https://cdn1.interspar.at/cachableservlets/articleImage.dam/at/2020001675616/dt_main.jpg"},{"id":194,"title":"SPAR BBQ Puten Steak in Barbecue Marinade","price":9,"supermarket":"spar","quantity":"1 kg","image":"https://cdn1.interspar.at/cachableservlets/articleImage.dam/at/7797583/dt_main.jpg"},{"id":195,"title":"SPAR ENJOY Salami-Snack Sweet Chili","price":1,"supermarket":"spar","quantity":"80 g","image":"https://cdn1.interspar.at/cachableservlets/articleImage.dam/at/2020003311741/dt_main.jpg"},{"id":196,"title":"GAMBAS \"COCO-GINGER\"","price":3,"supermarket":"spar","quantity":"1 kg","image":"https://cdn1.interspar.at/cachableservlets/articleImage.dam/at/2020002048112/dt_main.jpg"},{"id":197,"title":"SPAR PREMIUM Bio-Olio Extra Vergine di Oliva D.O.P. Terra di Bari","price":8,"supermarket":"spar","quantity":"0,75 l","image":"https://cdn1.interspar.at/cachableservlets/articleImage.dam/at/2020003418792/dt_main.jpg"},{"id":198,"title":"SPAR PREMIUM Bio-Kalamata Oliven in nativem Olivenöl extra","price":3,"supermarket":"spar","quantity":"380 g","image":"https://cdn1.interspar.at/cachableservlets/articleImage.dam/at/2020002337599/dt_main.jpg"},{"id":199,"title":"SPAR NATUR*PUR Natives Bio-Olivenöl extra","price":6,"supermarket":"spar","quantity":"0,75 l","image":"https://cdn1.interspar.at/cachableservlets/articleImage.dam/at/6490980/dt_main.jpg"},{"id":200,"title":"SPAR NATUR*PUR Bio-Gelier-Rohrzucker","price":1,"supermarket":"spar","quantity":"500 g","image":"https://cdn1.interspar.at/cachableservlets/articleImage.dam/at/6147372/dt_main.jpg"},{"id":201,"title":"SPAR PREMIUM Risotto Mediterran","price":1,"supermarket":"spar","quantity":"200 g","image":"https://cdn1.interspar.at/cachableservlets/articleImage.dam/at/2020000919179/dt_main.jpg"},{"id":202,"title":"SPAR PREMIUM Risotto mit Steinpilzen","price":1,"supermarket":"spar","quantity":"200 g","image":"https://cdn1.interspar.at/cachableservlets/articleImage.dam/at/2020000919186/dt_main.jpg"},{"id":203,"title":"SPAR PREMIUM Carciofi con Gambo","price":3,"supermarket":"spar","quantity":"510 g","image":"https://cdn1.interspar.at/cachableservlets/articleImage.dam/at/2020002307387/dt_main.jpg"},{"id":204,"title":"SPAR PREMIUM Peperoncini con Tonno","price":3,"supermarket":"spar","quantity":"240 g","image":"https://cdn1.interspar.at/cachableservlets/articleImage.dam/at/2020002412807/dt_main.jpg"},{"id":205,"title":"SPAR PREMIUM Olive con Tonno","price":3,"supermarket":"spar","quantity":"240 g","image":"https://cdn1.interspar.at/cachableservlets/articleImage.dam/at/2020002412838/dt_main.jpg"},{"id":206,"title":"SPAR NATUR*PUR Bio-Agavendicksaft","price":4,"supermarket":"spar","quantity":"1 kg","image":"https://cdn1.interspar.at/cachableservlets/articleImage.dam/at/2020001346004/dt_main.jpg"},{"id":207,"title":"SPAR NATUR*PUR Bio-Bourbon-Vanille gemahlen 2 abgeriebene Schoten","price":2,"supermarket":"spar","quantity":"5 g","image":"https://cdn1.interspar.at/cachableservlets/articleImage.dam/at/2020000598497/dt_main.jpg"},{"id":208,"title":"SPAR NATUR*PUR Bio-Knoblauch-Sauce","price":1,"supermarket":"spar","quantity":"250 ml","image":"https://cdn1.interspar.at/cachableservlets/articleImage.dam/at/2020002925017/dt_main.jpg"},{"id":209,"title":"SPAR NATUR*PUR Bio-Cocktail-Sauce","price":1,"supermarket":"spar","quantity":"250 ml","image":"https://cdn1.interspar.at/cachableservlets/articleImage.dam/at/2020002925130/dt_main.jpg"},{"id":210,"title":"SPAR NATUR*PUR Bio-Barbecue-Sauce","price":1,"supermarket":"spar","quantity":"250 ml","image":"https://cdn1.interspar.at/cachableservlets/articleImage.dam/at/2020002925192/dt_main.jpg"},{"id":211,"title":"SPAR NATUR*PUR Bio-Paprika-Chili-Salsa","price":1,"supermarket":"spar","quantity":"250 ml","image":"https://cdn1.interspar.at/cachableservlets/articleImage.dam/at/2020002925222/dt_main.jpg"},{"id":212,"title":"SPAR NATUR*PUR Bio-Sweet-Chili-Sauce","price":1,"supermarket":"spar","quantity":"250 ml","image":"https://cdn1.interspar.at/cachableservlets/articleImage.dam/at/2020002925284/dt_main.jpg"},{"id":213,"title":"SPAR NATUR*PUR Bio-Sauce Tartare","price":1,"supermarket":"spar","quantity":"250 ml","image":"https://cdn1.interspar.at/cachableservlets/articleImage.dam/at/2020003176562/dt_main.jpg"},{"id":214,"title":"100% Rapsöl","price":1,"supermarket":"spar","quantity":"0,75 l","image":"https://cdn1.interspar.at/cachableservlets/articleImage.dam/at/2020003403651/dt_main.jpg"},{"id":215,"title":"DESPAR Aceto Balsamico di Modena I. G. P.","price":1,"supermarket":"spar","quantity":"0,5 l","image":"https://cdn1.interspar.at/cachableservlets/articleImage.dam/at/5733439/dt_main.jpg"},{"id":216,"title":"DESPAR Condimento Bianco","price":1,"supermarket":"spar","quantity":"0,5 l","image":"https://cdn1.interspar.at/cachableservlets/articleImage.dam/at/5733460/dt_main.jpg"},{"id":217,"title":"DESPAR Olio Extra Vergine di Oliva","price":5,"supermarket":"spar","quantity":"1 l","image":"https://cdn1.interspar.at/cachableservlets/articleImage.dam/at/4069836/dt_main.jpg"},{"id":218,"title":"DESPAR Paglia e Fieno all'Uovo","price":0,"supermarket":"spar","quantity":"250 g","image":"https://cdn1.interspar.at/cachableservlets/articleImage.dam/at/1194142/dt_main.jpg"},{"id":219,"title":"DESPAR Pappardelle all'Uovo","price":0,"supermarket":"spar","quantity":"250 g","image":"https://cdn1.interspar.at/cachableservlets/articleImage.dam/at/1194159/dt_main.jpg"},{"id":220,"title":"DESPAR Tagliatelle all'Uovo","price":0,"supermarket":"spar","quantity":"250 g","image":"https://cdn1.interspar.at/cachableservlets/articleImage.dam/at/1194265/dt_main.jpg"},{"id":221,"title":"DESPAR Fettuccine all'Uovo","price":0,"supermarket":"spar","quantity":"250 g","image":"https://cdn1.interspar.at/cachableservlets/articleImage.dam/at/1194364/dt_main.jpg"},{"id":222,"title":"ORO DI PARMA Bio-Tomatenmark 2-fach konzentriert","price":0,"supermarket":"spar","quantity":"200 g","image":"https://cdn1.interspar.at/cachableservlets/articleImage.dam/at/2020002360283/dt_main.jpg"},{"id":223,"title":"100% Sonnenblumenöl","price":1,"supermarket":"spar","quantity":"0,75 l","image":"https://cdn1.interspar.at/cachableservlets/articleImage.dam/at/2020003403637/dt_main.jpg"},{"id":224,"title":"WIENER ZUCKER Gelierzucker 3:1","price":0,"supermarket":"spar","quantity":"500 g","image":"https://cdn1.interspar.at/cachableservlets/articleImage.dam/at/7380211/dt_main.jpg"},{"id":225,"title":"WIENER ZUCKER Gelierzucker 2:1","price":0,"supermarket":"spar","quantity":"500 g","image":"https://cdn1.interspar.at/cachableservlets/articleImage.dam/at/7390234/dt_main.jpg"},{"id":226,"title":"SPAR FREE FROM Bio-Haselnuss-Kakao-Creme","price":1,"supermarket":"spar","quantity":"200 g","image":"https://cdn1.interspar.at/cachableservlets/articleImage.dam/at/2020002157050/dt_main.jpg"},{"id":227,"title":"RECHEIS BIO Fleckerl 400G","price":1,"supermarket":"spar","quantity":"400 g","image":"https://cdn1.interspar.at/cachableservlets/articleImage.dam/at/2020003082849/dt_main.jpg"},{"id":228,"title":"RECHEIS BIO Bandnudeln 400G","price":1,"supermarket":"spar","quantity":"400 g","image":"https://cdn1.interspar.at/cachableservlets/articleImage.dam/at/2020003083105/dt_main.jpg"},{"id":229,"title":"RECHEIS BIO Fadennudeln 400G","price":1,"supermarket":"spar","quantity":"400 g","image":"https://cdn1.interspar.at/cachableservlets/articleImage.dam/at/2020003083259/dt_main.jpg"},{"id":230,"title":"RECHEIS BIO Spaghetti N°5 400G","price":1,"supermarket":"spar","quantity":"400 g","image":"https://cdn1.interspar.at/cachableservlets/articleImage.dam/at/2020003083563/dt_main.jpg"},{"id":231,"title":"RECHEIS VEGAN Dralli 500G","price":1,"supermarket":"spar","quantity":"500 g","image":"https://cdn1.interspar.at/cachableservlets/articleImage.dam/at/2020003092541/dt_main.jpg"},{"id":232,"title":"RECHEIS VEGAN Hörnchen 500G","price":1,"supermarket":"spar","quantity":"500 g","image":"https://cdn1.interspar.at/cachableservlets/articleImage.dam/at/2020003092558/dt_main.jpg"},{"id":233,"title":"RECHEIS VEGAN Fleckerl 500G","price":1,"supermarket":"spar","quantity":"500 g","image":"https://cdn1.interspar.at/cachableservlets/articleImage.dam/at/2020003093579/dt_main.jpg"},{"id":234,"title":"RECHEIS Dralli 300G","price":1,"supermarket":"spar","quantity":"300 g","image":"https://cdn1.interspar.at/cachableservlets/articleImage.dam/at/2020003229336/dt_main.jpg"},{"id":235,"title":"RECHEIS gedrehte Hörnchen 300G","price":1,"supermarket":"spar","quantity":"300 g","image":"https://cdn1.interspar.at/cachableservlets/articleImage.dam/at/2020003229374/dt_main.jpg"},{"id":236,"title":"SPAR FREE FROM Backmischung Mehrkornbrot","price":1,"supermarket":"spar","quantity":"500 g","image":"https://cdn1.interspar.at/cachableservlets/articleImage.dam/at/2020003536564/dt_main.jpg"},{"id":237,"title":"SPAR FREE FROM Backmischung Schwarzbrot","price":1,"supermarket":"spar","quantity":"500 g","image":"https://cdn1.interspar.at/cachableservlets/articleImage.dam/at/2020003536601/dt_main.jpg"},{"id":238,"title":"KIKKOMAN Sojasauce glutenfrei","price":2,"supermarket":"spar","quantity":"250 ml","image":"https://cdn1.interspar.at/cachableservlets/articleImage.dam/at/7897399/dt_main.jpg"},{"id":239,"title":"UNCLE BENS Loser Reis Spitzen-Langkorn-Reis","price":2,"supermarket":"spar","quantity":"1 kg","image":"https://cdn1.interspar.at/cachableservlets/articleImage.dam/at/245845/dt_main.jpg"},{"id":240,"title":"UNCLE BENS Loser Reis Spitzen-Langkorn-Reis","price":2,"supermarket":"spar","quantity":"1 kg","image":"https://cdn1.interspar.at/cachableservlets/articleImage.dam/at/4089421/dt_main.jpg"},{"id":241,"title":"SPAR FREE FROM Lasagne-Blätter","price":1,"supermarket":"spar","quantity":"250 g","image":"https://cdn1.interspar.at/cachableservlets/articleImage.dam/at/2020001465699/dt_main.jpg"},{"id":242,"title":"HELLMANNS Tomato Ketchup 28 Portionen","price":1,"supermarket":"spar","quantity":"430 ml","image":"https://cdn1.interspar.at/cachableservlets/articleImage.dam/at/2020002485467/dt_main.jpg"},{"id":243,"title":"HELLMANNS REAL Original 16 Portionen","price":1,"supermarket":"spar","quantity":"250 ml","image":"https://cdn1.interspar.at/cachableservlets/articleImage.dam/at/2020002485511/dt_main.jpg"},{"id":244,"title":"RECHEIS Spaghetti Chili Knoblauch","price":1,"supermarket":"spar","quantity":"400 g","image":"https://cdn1.interspar.at/cachableservlets/articleImage.dam/at/2020003092213/dt_main.jpg"},{"id":245,"title":"SPAR FREE FROM Cornflakes","price":0,"supermarket":"spar","quantity":"300 g","image":"https://cdn1.interspar.at/cachableservlets/articleImage.dam/at/2020003138423/dt_main.jpg"},{"id":246,"title":"SPAK Master Ketchup Dried Tomato","price":1,"supermarket":"spar","quantity":"530 g","image":"https://cdn1.interspar.at/cachableservlets/articleImage.dam/at/2020003383809/dt_main.jpg"},{"id":247,"title":"BARILLA Fusilli glutenfrei","price":2,"supermarket":"spar","quantity":"400 g","image":"https://cdn1.interspar.at/cachableservlets/articleImage.dam/at/2020003481604/dt_main.jpg"},{"id":248,"title":"BARILLA Spaghetti glutenfrei","price":2,"supermarket":"spar","quantity":"400 g","image":"https://cdn1.interspar.at/cachableservlets/articleImage.dam/at/2020003481642/dt_main.jpg"},{"id":249,"title":"BARILLA Penne glutenfrei","price":2,"supermarket":"spar","quantity":"400 g","image":"https://cdn1.interspar.at/cachableservlets/articleImage.dam/at/2020003481697/dt_main.jpg"},{"id":250,"title":"RECHEIS Bandnudeln Bärlauch","price":1,"supermarket":"spar","quantity":"400 g","image":"https://cdn1.interspar.at/cachableservlets/articleImage.dam/at/2020003725319/dt_main.jpg"},{"id":251,"title":"SPAR FREE FROM Mini-Nougatkissen","price":1,"supermarket":"spar","quantity":"300 g","image":"https://cdn1.interspar.at/cachableservlets/articleImage.dam/at/8202840/dt_main.jpg"},{"id":252,"title":"KIKKOMAN Bio-Sojasauce Bio-Sojasauce","price":2,"supermarket":"spar","quantity":"250 ml","image":"https://cdn1.interspar.at/cachableservlets/articleImage.dam/at/2020002517489/dt_main.jpg"},{"id":253,"title":"RISO SCOTTI Milchreis","price":1,"supermarket":"spar","quantity":"500 g","image":"https://cdn1.interspar.at/cachableservlets/articleImage.dam/at/2020002372149/dt_main.jpg"},{"id":254,"title":"RISO SCOTTI Basmatireis","price":1,"supermarket":"spar","quantity":"500 g","image":"https://cdn1.interspar.at/cachableservlets/articleImage.dam/at/2020002372255/dt_main.jpg"},{"id":255,"title":"UNCLE BENS Kochbeutel Reis Spitzen-Langkorn-Reis","price":2,"supermarket":"spar","quantity":"1 kg","image":"https://cdn1.interspar.at/cachableservlets/articleImage.dam/at/7467639/dt_main.jpg"},{"id":256,"title":"SPAR FREE FROM Reis-Mais-Flakes","price":1,"supermarket":"spar","quantity":"300 g","image":"https://cdn1.interspar.at/cachableservlets/articleImage.dam/at/2020000707127/dt_main.jpg"},{"id":257,"title":"HAAS Tortengelee kristallklar 3 x 11g","price":0,"supermarket":"spar","quantity":"","image":"https://cdn1.interspar.at/cachableservlets/articleImage.dam/at/740272/dt_main.jpg"},{"id":258,"title":"HAAS Tortengelee rot 3 x 11g","price":0,"supermarket":"spar","quantity":"","image":"https://cdn1.interspar.at/cachableservlets/articleImage.dam/at/740333/dt_main.jpg"},{"id":259,"title":"ORO DI PARMA Tomatenmark 3-fach konzentriert","price":0,"supermarket":"spar","quantity":"200 g","image":"https://cdn1.interspar.at/cachableservlets/articleImage.dam/at/147699/dt_main.jpg"},{"id":260,"title":"EFKO Kartoffel-Salat mit Schnittlauch","price":1,"supermarket":"spar","quantity":"700 g","image":"https://cdn1.interspar.at/cachableservlets/articleImage.dam/at/3696637/dt_main.jpg"},{"id":261,"title":"EFKO Rote Rüben Salat in Scheiben","price":1,"supermarket":"spar","quantity":"670 g","image":"https://cdn1.interspar.at/cachableservlets/articleImage.dam/at/3724989/dt_main.jpg"},{"id":262,"title":"EFKO Rote Rüben Salat in Streifen","price":1,"supermarket":"spar","quantity":"670 g","image":"https://cdn1.interspar.at/cachableservlets/articleImage.dam/at/3724996/dt_main.jpg"},{"id":263,"title":"ORO DI PARMA Pastasauce Classico","price":0,"supermarket":"spar","quantity":"400 g","image":"https://cdn1.interspar.at/cachableservlets/articleImage.dam/at/6397159/dt_main.jpg"},{"id":264,"title":"ORO DI PARMA Pizzasauce Oregano","price":0,"supermarket":"spar","quantity":"400 g","image":"https://cdn1.interspar.at/cachableservlets/articleImage.dam/at/6418946/dt_main.jpg"},{"id":265,"title":"EFKO Pußta Salat","price":1,"supermarket":"spar","quantity":"670 g","image":"https://cdn1.interspar.at/cachableservlets/articleImage.dam/at/7472817/dt_main.jpg"},{"id":266,"title":"ORO DI PARMA Tomatenmark mit Würzgemüse","price":0,"supermarket":"spar","quantity":"200 g","image":"https://cdn1.interspar.at/cachableservlets/articleImage.dam/at/922548/dt_main.jpg"},{"id":267,"title":"RECHEIS GOLDMARKE Suppennudeln 500G","price":1,"supermarket":"spar","quantity":"500 g","image":"https://cdn1.interspar.at/cachableservlets/articleImage.dam/at/129039/dt_main.jpg"},{"id":268,"title":"RECHEIS GOLDMARKE Ringoli","price":1,"supermarket":"spar","quantity":"500 g","image":"https://cdn1.interspar.at/cachableservlets/articleImage.dam/at/3632116/dt_main.jpg"},{"id":269,"title":"RECHEIS GOLDMARKE MINIS Hörnchen","price":1,"supermarket":"spar","quantity":"500 g","image":"https://cdn1.interspar.at/cachableservlets/articleImage.dam/at/6266905/dt_main.jpg"},{"id":270,"title":"RECHEIS GOLDMARKE Linguine N°8 500G","price":1,"supermarket":"spar","quantity":"500 g","image":"https://cdn1.interspar.at/cachableservlets/articleImage.dam/at/6495008/dt_main.jpg"},{"id":271,"title":"RECHEIS GOLDMARKE Fleckerl","price":1,"supermarket":"spar","quantity":"500 g","image":"https://cdn1.interspar.at/cachableservlets/articleImage.dam/at/7376702/dt_main.jpg"},{"id":272,"title":"RECHEIS GOLDMARKE Hörnchen","price":1,"supermarket":"spar","quantity":"500 g","image":"https://cdn1.interspar.at/cachableservlets/articleImage.dam/at/7378140/dt_main.jpg"},{"id":273,"title":"RECHEIS GOLDMARKE Fadennudeln","price":1,"supermarket":"spar","quantity":"500 g","image":"https://cdn1.interspar.at/cachableservlets/articleImage.dam/at/7379987/dt_main.jpg"},{"id":274,"title":"HAAS Quittin Gelierhilfe 1:1 2 x 17g","price":0,"supermarket":"spar","quantity":"","image":"https://cdn1.interspar.at/cachableservlets/articleImage.dam/at/7380006/dt_main.jpg"},{"id":275,"title":"RECHEIS GOLDMARKE Hausmacher","price":1,"supermarket":"spar","quantity":"500 g","image":"https://cdn1.interspar.at/cachableservlets/articleImage.dam/at/7383311/dt_main.jpg"},{"id":276,"title":"RECHEIS GOLDMARKE Bandnudeln","price":1,"supermarket":"spar","quantity":"500 g","image":"https://cdn1.interspar.at/cachableservlets/articleImage.dam/at/7387647/dt_main.jpg"},{"id":277,"title":"SPAR PREMIUM Cantuccini Toscani IGP alle Mandorle (25%)","price":1,"supermarket":"spar","quantity":"200 g","image":"https://cdn1.interspar.at/cachableservlets/articleImage.dam/at/2020001532131/dt_main.jpg"},{"id":278,"title":"SPAR NATUR*PUR Edler Bio-Nuss-Mix","price":6,"supermarket":"spar","quantity":"300 g","image":"https://cdn1.interspar.at/cachableservlets/articleImage.dam/at/2020003472626/dt_main.jpg"},{"id":279,"title":"SPAR NATUR*PUR Bio-Paranüsse Natur","price":3,"supermarket":"spar","quantity":"200 g","image":"https://cdn1.interspar.at/cachableservlets/articleImage.dam/at/2020002362645/dt_main.jpg"},{"id":280,"title":"SPAR NATUR*PUR Bio-Pekannüsse","price":5,"supermarket":"spar","quantity":"200 g","image":"https://cdn1.interspar.at/cachableservlets/articleImage.dam/at/2020003472602/dt_main.jpg"},{"id":281,"title":"Erdnüsse geröstet & gesalzen","price":2,"supermarket":"spar","quantity":"1 kg","image":"https://cdn1.interspar.at/cachableservlets/articleImage.dam/at/2020003524851/dt_main.jpg"},{"id":282,"title":"Long Chips Salz","price":0,"supermarket":"spar","quantity":"75 g","image":"https://cdn1.interspar.at/cachableservlets/articleImage.dam/at/2020003615917/dt_main.jpg"},{"id":283,"title":"DESPAR Savoiardi Biscotti Fragranti","price":1,"supermarket":"spar","quantity":"400 g","image":"https://cdn1.interspar.at/cachableservlets/articleImage.dam/at/1141818/dt_main.jpg"},{"id":284,"title":"KELLY'S POM-BÄR Sour Cream Style","price":0,"supermarket":"spar","quantity":"65 g","image":"https://cdn1.interspar.at/cachableservlets/articleImage.dam/at/2247786/dt_main.jpg"},{"id":285,"title":"KELLY'S POM-BÄR Ketchup Style","price":0,"supermarket":"spar","quantity":"65 g","image":"https://cdn1.interspar.at/cachableservlets/articleImage.dam/at/2328720/dt_main.jpg"},{"id":286,"title":"KELLY'S POM-BÄR Original","price":0,"supermarket":"spar","quantity":"65 g","image":"https://cdn1.interspar.at/cachableservlets/articleImage.dam/at/2328881/dt_main.jpg"},{"id":287,"title":"FUNNY FRISCH Riffels Chili & Paprika","price":1,"supermarket":"spar","quantity":"150 g","image":"https://cdn1.interspar.at/cachableservlets/articleImage.dam/at/2915371/dt_main.jpg"},{"id":288,"title":"FUNNY FRISCH Riffels Naturell","price":1,"supermarket":"spar","quantity":"150 g","image":"https://cdn1.interspar.at/cachableservlets/articleImage.dam/at/2915388/dt_main.jpg"},{"id":289,"title":"FUNNY FRISCH Kessel Chips Roasted Bacon","price":1,"supermarket":"spar","quantity":"120 g","image":"https://cdn1.interspar.at/cachableservlets/articleImage.dam/at/3167465/dt_main.jpg"},{"id":290,"title":"FUNNY FRISCH Kessel Chips Sweet Chili & Red Pepper","price":1,"supermarket":"spar","quantity":"120 g","image":"https://cdn1.interspar.at/cachableservlets/articleImage.dam/at/3167519/dt_main.jpg"},{"id":291,"title":"FUNNY FRISCH CHIPSFRISCH gesalzen","price":1,"supermarket":"spar","quantity":"175 g","image":"https://cdn1.interspar.at/cachableservlets/articleImage.dam/at/5213993/dt_main.jpg"},{"id":292,"title":"KELLY'S Snips-Party","price":1,"supermarket":"spar","quantity":"275 g","image":"https://cdn1.interspar.at/cachableservlets/articleImage.dam/at/5270989/dt_main.jpg"},{"id":293,"title":"FUNNY FRISCH CHIPSFRISCH ungarisch","price":1,"supermarket":"spar","quantity":"175 g","image":"https://cdn1.interspar.at/cachableservlets/articleImage.dam/at/5767397/dt_main.jpg"},{"id":294,"title":"FUNNY FRISCH CHIPSFRISCH Chakalaka","price":1,"supermarket":"spar","quantity":"175 g","image":"https://cdn1.interspar.at/cachableservlets/articleImage.dam/at/7323362/dt_main.jpg"},{"id":295,"title":"KELLY'S POM-BÄR Paprika Style","price":0,"supermarket":"spar","quantity":"65 g","image":"https://cdn1.interspar.at/cachableservlets/articleImage.dam/at/8208255/dt_main.jpg"},{"id":296,"title":"BAHLSEN LEIBNIZ Choco Vollkorn","price":0,"supermarket":"spar","quantity":"125 g","image":"https://cdn1.interspar.at/cachableservlets/articleImage.dam/at/1043907/dt_main.jpg"},{"id":297,"title":"MILKA Cake & Choc","price":1,"supermarket":"spar","quantity":"175 g","image":"https://cdn1.interspar.at/cachableservlets/articleImage.dam/at/1452914/dt_main.jpg"},{"id":298,"title":"MANNER Neapolitaner Schnitten Vollkorn","price":2,"supermarket":"spar","quantity":"300 g","image":"https://cdn1.interspar.at/cachableservlets/articleImage.dam/at/1635058/dt_main.jpg"},{"id":299,"title":"MILKA COOKIES Cookie Sensations innen Schokolade","price":1,"supermarket":"spar","quantity":"156 g","image":"https://cdn1.interspar.at/cachableservlets/articleImage.dam/at/2020000596042/dt_main.jpg"},{"id":300,"title":"MILKA COOKIES Cookie Sensations innen Soft","price":1,"supermarket":"spar","quantity":"156 g","image":"https://cdn1.interspar.at/cachableservlets/articleImage.dam/at/2020000596127/dt_main.jpg"},{"id":301,"title":"SPAR FREE FROM Doppelkekse mit Kakaocremefüllung 12 Stück","price":1,"supermarket":"spar","quantity":"150 g","image":"https://cdn1.interspar.at/cachableservlets/articleImage.dam/at/2020002309350/dt_main.jpg"},{"id":302,"title":"SPAR FREE FROM Kakaokekse mit Vanillecremefüllung 8 Stück","price":1,"supermarket":"spar","quantity":"125 g","image":"https://cdn1.interspar.at/cachableservlets/articleImage.dam/at/2020002309381/dt_main.jpg"},{"id":303,"title":"WINGMAN Koffein-Riegel Choco Crunch 40g","price":0,"supermarket":"spar","quantity":"40 g","image":"https://cdn1.interspar.at/cachableservlets/articleImage.dam/at/2020002664749/dt_main.jpg"},{"id":304,"title":"STORCK MERCI Tafelschokolade Orange-Mandel 4 Tafeln","price":1,"supermarket":"spar","quantity":"100 g","image":"https://cdn1.interspar.at/cachableservlets/articleImage.dam/at/2020003265907/dt_main.jpg"},{"id":305,"title":"TYRRELLS HAND COOKED ENGLISH CRISPS Chips Black Truffle & Sea Salt","price":1,"supermarket":"spar","quantity":"150 g","image":"https://cdn1.interspar.at/cachableservlets/articleImage.dam/at/2020003349058/dt_main.jpg"},{"id":306,"title":"BAHLSEN LEIBNIZ Choco Edelherb","price":0,"supermarket":"spar","quantity":"125 g","image":"https://cdn1.interspar.at/cachableservlets/articleImage.dam/at/2797885/dt_main.jpg"},{"id":307,"title":"BAHLSEN LEIBNIZ Choco Vollmilch","price":0,"supermarket":"spar","quantity":"125 g","image":"https://cdn1.interspar.at/cachableservlets/articleImage.dam/at/2797892/dt_main.jpg"},{"id":308,"title":"MILKA I love Milka Hauchzarte Herzen","price":2,"supermarket":"spar","quantity":"130 g","image":"https://cdn1.interspar.at/cachableservlets/articleImage.dam/at/4896203/dt_main.jpg"},{"id":309,"title":"MILKA Alpenmilch Schokolade Oreo","price":1,"supermarket":"spar","quantity":"300 g","image":"https://cdn1.interspar.at/cachableservlets/articleImage.dam/at/4986713/dt_main.jpg"},{"id":310,"title":"MANNER Neapolitaner Schnitten","price":2,"supermarket":"spar","quantity":"400 g","image":"https://cdn1.interspar.at/cachableservlets/articleImage.dam/at/5261079/dt_main.jpg"},{"id":311,"title":"MILKA Alpenmilch Schokolade Nuss & Nougat-Crème","price":1,"supermarket":"spar","quantity":"300 g","image":"https://cdn1.interspar.at/cachableservlets/articleImage.dam/at/5648177/dt_main.jpg"},{"id":312,"title":"MILKA Alpenmilch Schokolade Erdbeer","price":1,"supermarket":"spar","quantity":"300 g","image":"https://cdn1.interspar.at/cachableservlets/articleImage.dam/at/5648405/dt_main.jpg"},{"id":313,"title":"MILKA Alpenmilch Schokolade Schoko & Keks","price":1,"supermarket":"spar","quantity":"300 g","image":"https://cdn1.interspar.at/cachableservlets/articleImage.dam/at/5648450/dt_main.jpg"},{"id":314,"title":"MILKA LEO Schokoladenwaffeln 3 Riegel","price":1,"supermarket":"spar","quantity":"100 g","image":"https://cdn1.interspar.at/cachableservlets/articleImage.dam/at/596312/dt_main.jpg"},{"id":315,"title":"MILKA Choco Cookies","price":1,"supermarket":"spar","quantity":"168 g","image":"https://cdn1.interspar.at/cachableservlets/articleImage.dam/at/6003210/dt_main.jpg"},{"id":316,"title":"MILKA Alpenmilch Schokolade Toffee Ganznuss","price":1,"supermarket":"spar","quantity":"300 g","image":"https://cdn1.interspar.at/cachableservlets/articleImage.dam/at/6263591/dt_main.jpg"},{"id":317,"title":"MILKA Choco minis","price":1,"supermarket":"spar","quantity":"185 g","image":"https://cdn1.interspar.at/cachableservlets/articleImage.dam/at/7007293/dt_main.jpg"},{"id":318,"title":"STORCK MERCI Tafelschokolade Mandel Milch-Nuss 4 Tafeln","price":1,"supermarket":"spar","quantity":"100 g","image":"https://cdn1.interspar.at/cachableservlets/articleImage.dam/at/7514012/dt_main.jpg"},{"id":319,"title":"STORCK MERCI Tafelschokolade Kafee-Sahne 4 Tafeln","price":1,"supermarket":"spar","quantity":"100 g","image":"https://cdn1.interspar.at/cachableservlets/articleImage.dam/at/7514043/dt_main.jpg"},{"id":320,"title":"STORCK MERCI Tafelschokolade Edel-Rahm 4 Tafeln","price":1,"supermarket":"spar","quantity":"100 g","image":"https://cdn1.interspar.at/cachableservlets/articleImage.dam/at/7514067/dt_main.jpg"},{"id":321,"title":"STORCK MERCI Tafelschokolade Edelbitter 4 Tafeln","price":1,"supermarket":"spar","quantity":"100 g","image":"https://cdn1.interspar.at/cachableservlets/articleImage.dam/at/7514098/dt_main.jpg"},{"id":322,"title":"AMICELLI 16 Stück","price":2,"supermarket":"spar","quantity":"200 g","image":"https://cdn1.interspar.at/cachableservlets/articleImage.dam/at/7643378/dt_main.jpg"},{"id":323,"title":"CASALI Schoko-Bananen 48 Stück","price":3,"supermarket":"spar","quantity":"600 g","image":"https://cdn1.interspar.at/cachableservlets/articleImage.dam/at/7654138/dt_main.jpg"},{"id":324,"title":"MARS Caramel 4 x 45g","price":0,"supermarket":"spar","quantity":"180 g","image":"https://cdn1.interspar.at/cachableservlets/articleImage.dam/at/7658624/dt_main.jpg"},{"id":325,"title":"SNICKERS 4 x 50g","price":0,"supermarket":"spar","quantity":"200 g","image":"https://cdn1.interspar.at/cachableservlets/articleImage.dam/at/7659744/dt_main.jpg"},{"id":326,"title":"MILKA Choco cookies Nut","price":1,"supermarket":"spar","quantity":"168 g","image":"https://cdn1.interspar.at/cachableservlets/articleImage.dam/at/8059208/dt_main.jpg"},{"id":327,"title":"TYRRELLS HAND COOKED ENGLISH CRISPS Gemüsechips gesalzen","price":1,"supermarket":"spar","quantity":"125 g","image":"https://cdn1.interspar.at/cachableservlets/articleImage.dam/at/2020003330643/dt_main.jpg"},{"id":328,"title":"SWEDY Erdnusscremestange Feinste Erdnusscremestangen 4 x 20g","price":1,"supermarket":"spar","quantity":"80 g","image":"https://cdn1.interspar.at/cachableservlets/articleImage.dam/at/169967/dt_main.jpg"},{"id":329,"title":"TYRRELLS Furrows Sea Salt & Vinegar","price":1,"supermarket":"spar","quantity":"150 g","image":"https://cdn1.interspar.at/cachableservlets/articleImage.dam/at/2020000928898/dt_main.jpg"},{"id":330,"title":"KELLY'S Mikrowellen Popcorn Butter Geschmack 3 x 90g","price":2,"supermarket":"spar","quantity":"270 g","image":"https://cdn1.interspar.at/cachableservlets/articleImage.dam/at/4800347/dt_main.jpg"},{"id":331,"title":"KELLY'S Mikrowellen Popcorn Salted 3 x 90g","price":2,"supermarket":"spar","quantity":"270 g","image":"https://cdn1.interspar.at/cachableservlets/articleImage.dam/at/7524875/dt_main.jpg"},{"id":332,"title":"FUNNY FRISCH Ofen Chips Paprika","price":1,"supermarket":"spar","quantity":"150 g","image":"https://cdn1.interspar.at/cachableservlets/articleImage.dam/at/7772450/dt_main.jpg"},{"id":333,"title":"FUNNY FRISCH Ofen Chips Sour Cream","price":1,"supermarket":"spar","quantity":"150 g","image":"https://cdn1.interspar.at/cachableservlets/articleImage.dam/at/7772498/dt_main.jpg"},{"id":334,"title":"NAPOLI Dragee Keksi Classic","price":1,"supermarket":"spar","quantity":"165 g","image":"https://cdn1.interspar.at/cachableservlets/articleImage.dam/at/1899535/dt_main.jpg"},{"id":335,"title":"NAPOLI Dragee Keksi Milchschokolade","price":1,"supermarket":"spar","quantity":"165 g","image":"https://cdn1.interspar.at/cachableservlets/articleImage.dam/at/1899559/dt_main.jpg"},{"id":336,"title":"KELLY'S Chips Party Ketchup","price":1,"supermarket":"spar","quantity":"275 g","image":"https://cdn1.interspar.at/cachableservlets/articleImage.dam/at/2020003422195/dt_main.jpg"},{"id":337,"title":"LAYS Bugles Original","price":1,"supermarket":"spar","quantity":"95 g","image":"https://cdn1.interspar.at/cachableservlets/articleImage.dam/at/4952855/dt_main.jpg"},{"id":338,"title":"KELLY'S Chips Party Classic salted","price":1,"supermarket":"spar","quantity":"275 g","image":"https://cdn1.interspar.at/cachableservlets/articleImage.dam/at/5001767/dt_main.jpg"},{"id":339,"title":"KELLY'S Chips Party Paprika","price":1,"supermarket":"spar","quantity":"275 g","image":"https://cdn1.interspar.at/cachableservlets/articleImage.dam/at/5001842/dt_main.jpg"},{"id":340,"title":"LAYS Bugles Nacho Cheese","price":1,"supermarket":"spar","quantity":"95 g","image":"https://cdn1.interspar.at/cachableservlets/articleImage.dam/at/6903350/dt_main.jpg"},{"id":341,"title":"NIEMETZ Schwedenbomben 20 Stück","price":5,"supermarket":"spar","quantity":"","image":"https://cdn1.interspar.at/cachableservlets/articleImage.dam/at/6981105/dt_main.jpg"},{"id":342,"title":"LAYS Bugles Roasted Paprika","price":1,"supermarket":"spar","quantity":"95 g","image":"https://cdn1.interspar.at/cachableservlets/articleImage.dam/at/7796050/dt_main.jpg"},{"id":343,"title":"FUNNY FRISCH CHIPSFRISCH Oriental","price":1,"supermarket":"spar","quantity":"175 g","image":"https://cdn1.interspar.at/cachableservlets/articleImage.dam/at/8197412/dt_main.jpg"},{"id":344,"title":"STORCK MERCI Tafelschokolade Edel-Marzipan 4 Tafeln","price":1,"supermarket":"spar","quantity":"112 g","image":"https://cdn1.interspar.at/cachableservlets/articleImage.dam/at/1581331/dt_main.jpg"},{"id":345,"title":"STORCK MERCI Tafelschokolade Edel-Nougat 4 Tafeln","price":1,"supermarket":"spar","quantity":"112 g","image":"https://cdn1.interspar.at/cachableservlets/articleImage.dam/at/1581348/dt_main.jpg"},{"id":346,"title":"LORENZ CRUNCHIPS Roast Spare Ribs","price":0,"supermarket":"spar","quantity":"150 g","image":"https://cdn1.interspar.at/cachableservlets/articleImage.dam/at/2020000469247/dt_main.jpg"},{"id":347,"title":"M & M'S Erdnuss","price":1,"supermarket":"spar","quantity":"220 g","image":"https://cdn1.interspar.at/cachableservlets/articleImage.dam/at/2020000577454/dt_main.jpg"},{"id":348,"title":"M & M'S Schoko","price":1,"supermarket":"spar","quantity":"220 g","image":"https://cdn1.interspar.at/cachableservlets/articleImage.dam/at/2020000577621/dt_main.jpg"},{"id":349,"title":"M & M'S Crispy","price":1,"supermarket":"spar","quantity":"187 g","image":"https://cdn1.interspar.at/cachableservlets/articleImage.dam/at/2020000577652/dt_main.jpg"},{"id":350,"title":"MILKA Choc & Choc Soft","price":1,"supermarket":"spar","quantity":"175 g","image":"https://cdn1.interspar.at/cachableservlets/articleImage.dam/at/2020000730316/dt_main.jpg"},{"id":351,"title":"LAYS Bugles Sweet Chili Flavor","price":1,"supermarket":"spar","quantity":"95 g","image":"https://cdn1.interspar.at/cachableservlets/articleImage.dam/at/2020000771555/dt_main.jpg"},{"id":352,"title":"MILKA Choco Wafer","price":1,"supermarket":"spar","quantity":"150 g","image":"https://cdn1.interspar.at/cachableservlets/articleImage.dam/at/2020001016419/dt_main.jpg"},{"id":353,"title":"MILKA Alpenmilch Schokolade Peanut Caramel","price":1,"supermarket":"spar","quantity":"276 g","image":"https://cdn1.interspar.at/cachableservlets/articleImage.dam/at/2020001244690/dt_main.jpg"},{"id":354,"title":"TWIX white 4 x (2x23g)","price":0,"supermarket":"spar","quantity":"184 g","image":"https://cdn1.interspar.at/cachableservlets/articleImage.dam/at/2020001299522/dt_main.jpg"},{"id":355,"title":"TUC Cracker Cheese","price":0,"supermarket":"spar","quantity":"100 g","image":"https://cdn1.interspar.at/cachableservlets/articleImage.dam/at/2020001504367/dt_main.jpg"},{"id":356,"title":"MILKA Choco Brownie","price":1,"supermarket":"spar","quantity":"150 g","image":"https://cdn1.interspar.at/cachableservlets/articleImage.dam/at/2020001575589/dt_main.jpg"},{"id":357,"title":"SPAR PREMIUM Bio Handsemmel","price":0,"supermarket":"spar","quantity":"1 stk","image":"https://cdn1.interspar.at/cachableservlets/articleImage.dam/at/8062710/dt_main.jpg"},{"id":358,"title":"SPAR NATUR*PUR Bio-Roggenbrot","price":2,"supermarket":"spar","quantity":"1 kg","image":"https://cdn1.interspar.at/cachableservlets/articleImage.dam/at/2304199/dt_main.jpg"},{"id":359,"title":"SPAR NATUR*PUR Bio-Dinkel-Vollkornbrot","price":1,"supermarket":"spar","quantity":"450 g","image":"https://cdn1.interspar.at/cachableservlets/articleImage.dam/at/2020003624353/dt_main.jpg"},{"id":360,"title":"SPAR NATUR*PUR Bio Dinkelvollkornbrot","price":2,"supermarket":"spar","quantity":"600 g","image":"https://cdn1.interspar.at/cachableservlets/articleImage.dam/at/2497525/dt_main.jpg"},{"id":361,"title":"SPAR NATUR*PUR Steirerfladen","price":3,"supermarket":"spar","quantity":"1 kg","image":"https://cdn1.interspar.at/cachableservlets/articleImage.dam/at/2511993/dt_main.jpg"},{"id":362,"title":"SPAR NATUR*PUR Bio original Kornspitz","price":0,"supermarket":"spar","quantity":"1 stk","image":"https://cdn1.interspar.at/cachableservlets/articleImage.dam/at/7920189/dt_main.jpg"},{"id":363,"title":"Schnitte Rhabarber-Erdbeer","price":1,"supermarket":"spar","quantity":"1 stk","image":"https://cdn1.interspar.at/cachableservlets/articleImage.dam/at/2020002515539/dt_main.jpg"},{"id":364,"title":"Bäckerbrötchen 6 Stück","price":0,"supermarket":"spar","quantity":"360 g","image":"https://cdn1.interspar.at/cachableservlets/articleImage.dam/at/5869923/dt_main.jpg"},{"id":365,"title":"Buttertoast","price":0,"supermarket":"spar","quantity":"500 g","image":"https://cdn1.interspar.at/cachableservlets/articleImage.dam/at/7266638/dt_main.jpg"},{"id":366,"title":"Linzerstangerl 4 Stück","price":1,"supermarket":"spar","quantity":"200 g","image":"https://cdn1.interspar.at/cachableservlets/articleImage.dam/at/1891737/dt_main.jpg"},{"id":367,"title":"DESPAR Pane per Tramezzini","price":0,"supermarket":"spar","quantity":"250 g","image":"https://cdn1.interspar.at/cachableservlets/articleImage.dam/at/1440379/dt_main.jpg"},{"id":368,"title":"INTERSPAR BACKSTUBE Nur-Kornbrot","price":2,"supermarket":"spar","quantity":"600 g","image":"https://cdn1.interspar.at/cachableservlets/articleImage.dam/at/2020003329814/dt_main.jpg"},{"id":369,"title":"ANKER Kornfitwecken geschnitten","price":1,"supermarket":"spar","quantity":"500 g","image":"https://cdn1.interspar.at/cachableservlets/articleImage.dam/at/3764442/dt_main.jpg"},{"id":370,"title":"SCHÄR Meisterbäckers Vital","price":2,"supermarket":"spar","quantity":"350 g","image":"https://cdn1.interspar.at/cachableservlets/articleImage.dam/at/2020000911838/dt_main.jpg"},{"id":371,"title":"SCHÄR Meisterbäckers Classic mit Sauerteig, Hirse & Quinoa","price":2,"supermarket":"spar","quantity":"300 g","image":"https://cdn1.interspar.at/cachableservlets/articleImage.dam/at/2020000911883/dt_main.jpg"},{"id":372,"title":"HARRY Steinofenbrot","price":1,"supermarket":"spar","quantity":"500 g","image":"https://cdn1.interspar.at/cachableservlets/articleImage.dam/at/298292/dt_main.jpg"},{"id":373,"title":"INTERSPAR BACKSTUBE Dinkel-Buchweizen-Weckerl mit Gemüse","price":0,"supermarket":"spar","quantity":"1 stk","image":"https://cdn1.interspar.at/cachableservlets/articleImage.dam/at/2020003423536/dt_main.jpg"},{"id":374,"title":"MILKA Donuts Schoko 4 Stück","price":2,"supermarket":"spar","quantity":"224 g","image":"https://cdn1.interspar.at/cachableservlets/articleImage.dam/at/2020003129322/dt_main.jpg"},{"id":375,"title":"Mini-Muffins Schokolade & Stracciatella","price":1,"supermarket":"spar","quantity":"225 g","image":"https://cdn1.interspar.at/cachableservlets/articleImage.dam/at/2020001657087/dt_main.jpg"},{"id":376,"title":"ÖLZ Sandwich Toast","price":1,"supermarket":"spar","quantity":"500 g","image":"https://cdn1.interspar.at/cachableservlets/articleImage.dam/at/248365/dt_main.jpg"},{"id":377,"title":"SPAR VITAL Chia-Weckerl","price":0,"supermarket":"spar","quantity":"1 stk","image":"https://cdn1.interspar.at/cachableservlets/articleImage.dam/at/2020000572923/dt_main.jpg"},{"id":378,"title":"ÖLZ Topfenstrudel","price":2,"supermarket":"spar","quantity":"400 g","image":"https://cdn1.interspar.at/cachableservlets/articleImage.dam/at/2020002866945/dt_main.jpg"},{"id":379,"title":"ÖLZ Butter Zopf mit Honig","price":2,"supermarket":"spar","quantity":"500 g","image":"https://cdn1.interspar.at/cachableservlets/articleImage.dam/at/247887/dt_main.jpg"},{"id":380,"title":"SPAR LEBENSQUELL Natürliches Mineralwasser prickelnd","price":0,"supermarket":"spar","quantity":"1,5 l","image":"https://cdn1.interspar.at/cachableservlets/articleImage.dam/at/2020002597801/dt_main.jpg"},{"id":381,"title":"SPAR LEBENSQUELL Natürliches Mineralwasser still","price":0,"supermarket":"spar","quantity":"1,5 l","image":"https://cdn1.interspar.at/cachableservlets/articleImage.dam/at/2020002597900/dt_main.jpg"},{"id":382,"title":"Tonic Water","price":0,"supermarket":"spar","quantity":"1 l","image":"https://cdn1.interspar.at/cachableservlets/articleImage.dam/at/2020003658112/dt_main.jpg"},{"id":383,"title":"Wild Berry","price":0,"supermarket":"spar","quantity":"1 l","image":"https://cdn1.interspar.at/cachableservlets/articleImage.dam/at/2020003658075/dt_main.jpg"},{"id":384,"title":"REGIO Espresso ganze Bohne","price":5,"supermarket":"spar","quantity":"1 kg","image":"https://cdn1.interspar.at/cachableservlets/articleImage.dam/at/5859108/dt_main.jpg"},{"id":385,"title":"REGIO Caffe Crema ganze Bohne","price":5,"supermarket":"spar","quantity":"1 kg","image":"https://cdn1.interspar.at/cachableservlets/articleImage.dam/at/6340162/dt_main.jpg"},{"id":386,"title":"REGIO BON AROMA ganze Bohne","price":3,"supermarket":"spar","quantity":"1 kg","image":"https://cdn1.interspar.at/cachableservlets/articleImage.dam/at/3025413/dt_main.jpg"},{"id":387,"title":"REGIO BON AROMA gemahlen","price":3,"supermarket":"spar","quantity":"1 kg","image":"https://cdn1.interspar.at/cachableservlets/articleImage.dam/at/3025451/dt_main.jpg"},{"id":388,"title":"RADLBERGER Limö Orange","price":0,"supermarket":"spar","quantity":"1 l","image":"https://cdn1.interspar.at/cachableservlets/articleImage.dam/at/2020003271885/dt_main.jpg"},{"id":389,"title":"RADLBERGER Limö Zitrone","price":0,"supermarket":"spar","quantity":"1 l","image":"https://cdn1.interspar.at/cachableservlets/articleImage.dam/at/2020003271953/dt_main.jpg"},{"id":390,"title":"RADLBERGER Limö Himbeere","price":0,"supermarket":"spar","quantity":"1 l","image":"https://cdn1.interspar.at/cachableservlets/articleImage.dam/at/2020003272035/dt_main.jpg"},{"id":391,"title":"ISO POWER Exotic","price":0,"supermarket":"spar","quantity":"0,75 l","image":"https://cdn1.interspar.at/cachableservlets/articleImage.dam/at/2020003610929/dt_main.jpg"},{"id":392,"title":"ISO POWER Berry","price":0,"supermarket":"spar","quantity":"0,75 l","image":"https://cdn1.interspar.at/cachableservlets/articleImage.dam/at/2020003610981/dt_main.jpg"},{"id":393,"title":"ALMDUDLER Zuckerfrei","price":0,"supermarket":"spar","quantity":"330 ml","image":"https://cdn1.interspar.at/cachableservlets/articleImage.dam/at/2020003721762/dt_main.jpg"},{"id":394,"title":"ALMDUDLER Alpenkräuterlimonade Original","price":0,"supermarket":"spar","quantity":"330 ml","image":"https://cdn1.interspar.at/cachableservlets/articleImage.dam/at/240383/dt_main.jpg"},{"id":395,"title":"GRÖBI Limonade Grapefruit zuckerfrei","price":1,"supermarket":"spar","quantity":"1,5 l","image":"https://cdn1.interspar.at/cachableservlets/articleImage.dam/at/2690803/dt_main.jpg"},{"id":396,"title":"GRÖBI Limonade Zitrone zuckerfrei","price":1,"supermarket":"spar","quantity":"1,5 l","image":"https://cdn1.interspar.at/cachableservlets/articleImage.dam/at/2690810/dt_main.jpg"},{"id":397,"title":"GRÖBI Orangen Limonade zuckerfrei","price":1,"supermarket":"spar","quantity":"1,5 l","image":"https://cdn1.interspar.at/cachableservlets/articleImage.dam/at/2886671/dt_main.jpg"},{"id":398,"title":"GRÖBI Limonade Orange-Maracuja zuckerfrei","price":1,"supermarket":"spar","quantity":"1,5 l","image":"https://cdn1.interspar.at/cachableservlets/articleImage.dam/at/2886688/dt_main.jpg"},{"id":399,"title":"GRÖBI Limonade Waldbeer zuckerfrei","price":1,"supermarket":"spar","quantity":"1,5 l","image":"https://cdn1.interspar.at/cachableservlets/articleImage.dam/at/3763926/dt_main.jpg"},{"id":400,"title":"ALMDUDLER Original","price":1,"supermarket":"spar","quantity":"2 l","image":"https://cdn1.interspar.at/cachableservlets/articleImage.dam/at/4262190/dt_main.jpg"},{"id":401,"title":"ALMDUDLER Zuckerfrei","price":1,"supermarket":"spar","quantity":"2 l","image":"https://cdn1.interspar.at/cachableservlets/articleImage.dam/at/4264927/dt_main.jpg"},{"id":402,"title":"HÖLLINGER Steirischer Apfel naturtrüb","price":1,"supermarket":"spar","quantity":"1 l","image":"https://cdn1.interspar.at/cachableservlets/articleImage.dam/at/4364474/dt_main.jpg"},{"id":403,"title":"ALMDUDLER ALMRADLER Original Original 0,33l","price":0,"supermarket":"spar","quantity":"330 ml","image":"https://cdn1.interspar.at/cachableservlets/articleImage.dam/at/2020001657810/dt_main.jpg"},{"id":404,"title":"RAUCH HAPPY DAY Apfel Sprizz","price":0,"supermarket":"spar","quantity":"1 l","image":"https://cdn1.interspar.at/cachableservlets/articleImage.dam/at/2020001817627/dt_main.jpg"},{"id":405,"title":"RAUCH HAPPY DAY Cassis Sprizz","price":0,"supermarket":"spar","quantity":"1 l","image":"https://cdn1.interspar.at/cachableservlets/articleImage.dam/at/2020001817696/dt_main.jpg"},{"id":406,"title":"RAUCH HAPPY DAY Holunder Sprizz","price":0,"supermarket":"spar","quantity":"1 l","image":"https://cdn1.interspar.at/cachableservlets/articleImage.dam/at/2020001817719/dt_main.jpg"},{"id":407,"title":"RAUCH HAPPY DAY Orange Mango","price":1,"supermarket":"spar","quantity":"1 l","image":"https://cdn1.interspar.at/cachableservlets/articleImage.dam/at/2020002012557/dt_main.jpg"},{"id":408,"title":"RAUCH HAPPY DAY Orange Maracuja","price":1,"supermarket":"spar","quantity":"1 l","image":"https://cdn1.interspar.at/cachableservlets/articleImage.dam/at/2020002865153/dt_main.jpg"},{"id":409,"title":"CAPRI-SUN Fairy Drink","price":0,"supermarket":"spar","quantity":"200 ml","image":"https://cdn1.interspar.at/cachableservlets/articleImage.dam/at/2020003259913/dt_main.jpg"},{"id":410,"title":"STIEGL Hell","price":0,"supermarket":"spar","quantity":"500 ml","image":"https://cdn1.interspar.at/cachableservlets/articleImage.dam/at/2020003298615/dt_main.jpg"},{"id":411,"title":"RAUCH HAPPY DAY Orangensaft","price":1,"supermarket":"spar","quantity":"1 l","image":"https://cdn1.interspar.at/cachableservlets/articleImage.dam/at/2020003589799/dt_main.jpg"},{"id":412,"title":"RAUCH HAPPY DAY Mango Glasflasche","price":1,"supermarket":"spar","quantity":"1 l","image":"https://cdn1.interspar.at/cachableservlets/articleImage.dam/at/2020003589812/dt_main.jpg"},{"id":413,"title":"RAUCH HAPPY DAY Multivitaminsaft","price":1,"supermarket":"spar","quantity":"1 l","image":"https://cdn1.interspar.at/cachableservlets/articleImage.dam/at/2020003589843/dt_main.jpg"},{"id":414,"title":"RAUCH HAPPY DAY Johannisbeere Glasflasche","price":1,"supermarket":"spar","quantity":"1 l","image":"https://cdn1.interspar.at/cachableservlets/articleImage.dam/at/2020003589874/dt_main.jpg"},{"id":415,"title":"RAUCH HAPPY DAY Orangensaft","price":1,"supermarket":"spar","quantity":"1 l","image":"https://cdn1.interspar.at/cachableservlets/articleImage.dam/at/237048/dt_main.jpg"},{"id":416,"title":"FRANKENMARKTER Limonade Kräuter","price":0,"supermarket":"spar","quantity":"1,5 l","image":"https://cdn1.interspar.at/cachableservlets/articleImage.dam/at/2586762/dt_main.jpg"},{"id":417,"title":"RAUCH HAPPY DAY Orangensaft mit Fruchtfleisch","price":1,"supermarket":"spar","quantity":"1 l","image":"https://cdn1.interspar.at/cachableservlets/articleImage.dam/at/3759905/dt_main.jpg"},{"id":418,"title":"RAUCH HAPPY DAY Multivitamin","price":1,"supermarket":"spar","quantity":"1 l","image":"https://cdn1.interspar.at/cachableservlets/articleImage.dam/at/517638/dt_main.jpg"},{"id":419,"title":"RAUCH HAPPY DAY Orange mild","price":1,"supermarket":"spar","quantity":"1 l","image":"https://cdn1.interspar.at/cachableservlets/articleImage.dam/at/6623227/dt_main.jpg"},{"id":420,"title":"RAUCH HAPPY DAY Apfel mild","price":1,"supermarket":"spar","quantity":"1 l","image":"https://cdn1.interspar.at/cachableservlets/articleImage.dam/at/7025051/dt_main.jpg"},{"id":421,"title":"RAUCH HAPPY DAY Roter Mulitvitamin","price":1,"supermarket":"spar","quantity":"1 l","image":"https://cdn1.interspar.at/cachableservlets/articleImage.dam/at/7037474/dt_main.jpg"},{"id":422,"title":"RAUCH HAPPY DAY 100% Apfelsaft","price":1,"supermarket":"spar","quantity":"1 l","image":"https://cdn1.interspar.at/cachableservlets/articleImage.dam/at/7094729/dt_main.jpg"},{"id":423,"title":"RAUCH HAPPY DAY Multivitamin mild","price":1,"supermarket":"spar","quantity":"1 l","image":"https://cdn1.interspar.at/cachableservlets/articleImage.dam/at/7558214/dt_main.jpg"},{"id":424,"title":"STIEGL Goldbräu","price":0,"supermarket":"spar","quantity":"500 ml","image":"https://cdn1.interspar.at/cachableservlets/articleImage.dam/at/806947/dt_main.jpg"},{"id":425,"title":"FRANKENMARKTER Limonade Orange","price":0,"supermarket":"spar","quantity":"1,5 l","image":"https://cdn1.interspar.at/cachableservlets/articleImage.dam/at/988186/dt_main.jpg"},{"id":426,"title":"FRANKENMARKTER Limonade Zitrone","price":0,"supermarket":"spar","quantity":"1,5 l","image":"https://cdn1.interspar.at/cachableservlets/articleImage.dam/at/988193/dt_main.jpg"},{"id":427,"title":"FRANKENMARKTER Limonade Himbeere","price":0,"supermarket":"spar","quantity":"1,5 l","image":"https://cdn1.interspar.at/cachableservlets/articleImage.dam/at/988209/dt_main.jpg"},{"id":428,"title":"FRANKENMARKTER Spezi","price":0,"supermarket":"spar","quantity":"1,5 l","image":"https://cdn1.interspar.at/cachableservlets/articleImage.dam/at/988216/dt_main.jpg"},{"id":429,"title":"JACOBS MOMENTE Espresso Intenso ganze Bohne","price":8,"supermarket":"spar","quantity":"1 kg","image":"https://cdn1.interspar.at/cachableservlets/articleImage.dam/at/2020001427390/dt_main.jpg"},{"id":430,"title":"RAUCH NATIVA Bio-Green Tea Lemon 0% Zucker - 0% Süßstoff","price":0,"supermarket":"spar","quantity":"0,5 l","image":"https://cdn1.interspar.at/cachableservlets/articleImage.dam/at/2020002865238/dt_main.jpg"},{"id":431,"title":"STIEGL Hell 6x0,5lt","price":4,"supermarket":"spar","quantity":"3.000 ml","image":"https://cdn1.interspar.at/cachableservlets/articleImage.dam/at/2020003299049/dt_main.jpg"},{"id":432,"title":"OTTAKRINGER Helles","price":0,"supermarket":"spar","quantity":"330 ml","image":"https://cdn1.interspar.at/cachableservlets/articleImage.dam/at/5668427/dt_main.jpg"},{"id":433,"title":"JACOBS Caffe Crema intenso ganze Bohne","price":8,"supermarket":"spar","quantity":"1 kg","image":"https://cdn1.interspar.at/cachableservlets/articleImage.dam/at/7492457/dt_main.jpg"},{"id":434,"title":"JACOBS Caffe Crema classico, ganze Bohne","price":8,"supermarket":"spar","quantity":"1 kg","image":"https://cdn1.interspar.at/cachableservlets/articleImage.dam/at/7495656/dt_main.jpg"},{"id":435,"title":"MIONETTO Prosecco Prestige Collection DOC Treviso vegan","price":5,"supermarket":"spar","quantity":"0,75 l","image":"https://cdn1.interspar.at/cachableservlets/articleImage.dam/at/4764465/dt_main.jpg"},{"id":436,"title":"HILLINGER Secco rosé","price":7,"supermarket":"spar","quantity":"0,75 l","image":"https://cdn1.interspar.at/cachableservlets/articleImage.dam/at/6845568/dt_main.jpg"},{"id":437,"title":"KOZEL Kozel Premium Lager 6x0,5lt","price":3,"supermarket":"spar","quantity":"3.000 ml","image":"https://cdn1.interspar.at/cachableservlets/articleImage.dam/at/2020003101922/dt_main.jpg"},{"id":438,"title":"STIEGL Goldbräu 6 x 0,5l","price":4,"supermarket":"spar","quantity":"3.000 ml","image":"https://cdn1.interspar.at/cachableservlets/articleImage.dam/at/7945175/dt_main.jpg"},{"id":439,"title":"FRANKENMARKTER Mineralwasser Zitrone","price":0,"supermarket":"spar","quantity":"1 l","image":"https://cdn1.interspar.at/cachableservlets/articleImage.dam/at/1157390/dt_main.jpg"},{"id":440,"title":"VÖSLAUER Mineralwasser still Glasflasche","price":0,"supermarket":"spar","quantity":"1 l","image":"https://cdn1.interspar.at/cachableservlets/articleImage.dam/at/2020000778882/dt_main.jpg"},{"id":441,"title":"REISETBAUER Organic Gin","price":24,"supermarket":"spar","quantity":"0,5 l","image":"https://cdn1.interspar.at/cachableservlets/articleImage.dam/at/2020001874200/dt_main.jpg"},{"id":442,"title":"SPAR LEBENSQUELL Natürliches Mineralwasser mild","price":0,"supermarket":"spar","quantity":"1,5 l","image":"https://cdn1.interspar.at/cachableservlets/articleImage.dam/at/2020002597863/dt_main.jpg"},{"id":443,"title":"REISETBAUER Organic Gin Rose","price":24,"supermarket":"spar","quantity":"0,5 l","image":"https://cdn1.interspar.at/cachableservlets/articleImage.dam/at/2020003083617/dt_main.jpg"},{"id":444,"title":"DOCKNER Rosé to Spritz","price":4,"supermarket":"spar","quantity":"0,75 l","image":"https://cdn1.interspar.at/cachableservlets/articleImage.dam/at/2020003296833/dt_main.jpg"},{"id":445,"title":"GRÖBI Limonade Pink Grapefruit zuckerfrei","price":1,"supermarket":"spar","quantity":"1,5 l","image":"https://cdn1.interspar.at/cachableservlets/articleImage.dam/at/2165110/dt_main.jpg"},{"id":446,"title":"FREEDEA Mojito Soda alkoholfrei","price":0,"supermarket":"spar","quantity":"330 ml","image":"https://cdn1.interspar.at/cachableservlets/articleImage.dam/at/2446394/dt_main.jpg"},{"id":447,"title":"FREEDEA Lemon Soda","price":0,"supermarket":"spar","quantity":"330 ml","image":"https://cdn1.interspar.at/cachableservlets/articleImage.dam/at/4134824/dt_main.jpg"},{"id":448,"title":"COCA COLA Original","price":1,"supermarket":"spar","quantity":"2 l","image":"https://cdn1.interspar.at/cachableservlets/articleImage.dam/at/5987702/dt_main.jpg"},{"id":449,"title":"COCA COLA light","price":1,"supermarket":"spar","quantity":"2 l","image":"https://cdn1.interspar.at/cachableservlets/articleImage.dam/at/5987726/dt_main.jpg"},{"id":450,"title":"FANTA Orange","price":1,"supermarket":"spar","quantity":"2 l","image":"https://cdn1.interspar.at/cachableservlets/articleImage.dam/at/5987740/dt_main.jpg"},{"id":451,"title":"COCA COLA zero","price":1,"supermarket":"spar","quantity":"2 l","image":"https://cdn1.interspar.at/cachableservlets/articleImage.dam/at/6100384/dt_main.jpg"},{"id":452,"title":"POWERADE Sports Drink Mountain Blast","price":0,"supermarket":"spar","quantity":"0,5 l","image":"https://cdn1.interspar.at/cachableservlets/articleImage.dam/at/6305154/dt_main.jpg"},{"id":453,"title":"GRÖBI Limonade Tropische Früchte zuckerfrei","price":1,"supermarket":"spar","quantity":"1,5 l","image":"https://cdn1.interspar.at/cachableservlets/articleImage.dam/at/6780340/dt_main.jpg"},{"id":454,"title":"FREEDEA Oran Soda","price":0,"supermarket":"spar","quantity":"330 ml","image":"https://cdn1.interspar.at/cachableservlets/articleImage.dam/at/8148391/dt_main.jpg"},{"id":455,"title":"RAUCH BRAVO Orange","price":1,"supermarket":"spar","quantity":"2 l","image":"https://cdn1.interspar.at/cachableservlets/articleImage.dam/at/135139/dt_main.jpg"},{"id":456,"title":"TCHIBO CAFISSIMO Caffe Crema entkoffeiniert 10 Kapseln","price":2,"supermarket":"spar","quantity":"10 stk","image":"https://cdn1.interspar.at/cachableservlets/articleImage.dam/at/2020001213498/dt_main.jpg"},{"id":457,"title":"TCHIBO CAFISSIMO Caffè Crema XL 10 Kapseln","price":2,"supermarket":"spar","quantity":"10 stk","image":"https://cdn1.interspar.at/cachableservlets/articleImage.dam/at/2020001229253/dt_main.jpg"},{"id":458,"title":"RAUCH JUICE BAR Schwarztee Zitrone Ingwer","price":0,"supermarket":"spar","quantity":"0,5 l","image":"https://cdn1.interspar.at/cachableservlets/articleImage.dam/at/2020002493240/dt_main.jpg"},{"id":459,"title":"RAUCH JUICE BAR Früchtetee Heidelbeer-Himbeer","price":0,"supermarket":"spar","quantity":"0,5 l","image":"https://cdn1.interspar.at/cachableservlets/articleImage.dam/at/2020002493349/dt_main.jpg"},{"id":460,"title":"SPAR NATUR*PUR Bio-Gartengemüse aus dem Marchfeld","price":1,"supermarket":"spar","quantity":"750 g","image":"https://cdn1.interspar.at/cachableservlets/articleImage.dam/at/2020002623036/dt_main.jpg"},{"id":461,"title":"SPAR NATUR*PUR Bio-Herbstgemüse aus dem Marchfeld","price":1,"supermarket":"spar","quantity":"750 g","image":"https://cdn1.interspar.at/cachableservlets/articleImage.dam/at/2020003551147/dt_main.jpg"},{"id":462,"title":"SPAR NATUR*PUR Junge Bio-Erbsen aus dem Marchfeld","price":1,"supermarket":"spar","quantity":"750 g","image":"https://cdn1.interspar.at/cachableservlets/articleImage.dam/at/2020002622954/dt_main.jpg"},{"id":463,"title":"SPAR NATUR*PUR Zarte Bio-Mischung aus dem Marchfeld","price":1,"supermarket":"spar","quantity":"750 g","image":"https://cdn1.interspar.at/cachableservlets/articleImage.dam/at/2020002622985/dt_main.jpg"},{"id":464,"title":"SPAR NATUR*PUR Bio-Gartengemüse aus dem Marchfeld","price":1,"supermarket":"spar","quantity":"750 g","image":"https://cdn1.interspar.at/cachableservlets/articleImage.dam/at/2020002623098/dt_main.jpg"},{"id":465,"title":"SPAR NATUR*PUR Bio-Farmer-Gemüse","price":1,"supermarket":"spar","quantity":"750 g","image":"https://cdn1.interspar.at/cachableservlets/articleImage.dam/at/2020003459122/dt_main.jpg"},{"id":466,"title":"SPAR NATUR*PUR Bio-Brokkoli","price":1,"supermarket":"spar","quantity":"600 g","image":"https://cdn1.interspar.at/cachableservlets/articleImage.dam/at/2020003608926/dt_main.jpg"},{"id":467,"title":"SPAR BBQ Steckerlbrot 6 Stück","price":4,"supermarket":"spar","quantity":"720 g","image":"https://cdn1.interspar.at/cachableservlets/articleImage.dam/at/2020003378973/dt_main.jpg"},{"id":468,"title":"DESPAR klassische Lasagne mit Rindfleisch","price":2,"supermarket":"spar","quantity":"700 g","image":"https://cdn1.interspar.at/cachableservlets/articleImage.dam/at/2020003170034/dt_main.jpg"},{"id":469,"title":"DESPAR herzhafte Cannelloni Ricotta & Spinat","price":2,"supermarket":"spar","quantity":"600 g","image":"https://cdn1.interspar.at/cachableservlets/articleImage.dam/at/2020003170256/dt_main.jpg"},{"id":470,"title":"DESPAR Gelato Fragola","price":1,"supermarket":"spar","quantity":"500 g","image":"https://cdn1.interspar.at/cachableservlets/articleImage.dam/at/2020003266119/dt_main.jpg"},{"id":471,"title":"DESPAR Gelato Cioccolato","price":1,"supermarket":"spar","quantity":"500 g","image":"https://cdn1.interspar.at/cachableservlets/articleImage.dam/at/2020003266126/dt_main.jpg"},{"id":472,"title":"DESPAR Gelato Amarena","price":1,"supermarket":"spar","quantity":"0,9 l","image":"https://cdn1.interspar.at/cachableservlets/articleImage.dam/at/2020001868926/dt_main.jpg"},{"id":473,"title":"DESPAR Gelato Yogurt con Frutti di Bosco","price":1,"supermarket":"spar","quantity":"0,9 l","image":"https://cdn1.interspar.at/cachableservlets/articleImage.dam/at/2020001868995/dt_main.jpg"},{"id":474,"title":"DESPAR Gelato Tiramisù","price":1,"supermarket":"spar","quantity":"0,9 l","image":"https://cdn1.interspar.at/cachableservlets/articleImage.dam/at/2020001869022/dt_main.jpg"},{"id":475,"title":"ESKIMO MAGNUM Classic 8 Stück","price":5,"supermarket":"spar","quantity":"0,88 l","image":"https://cdn1.interspar.at/cachableservlets/articleImage.dam/at/1172133/dt_main.jpg"},{"id":476,"title":"ESKIMO MAGNUM Mandel 8 Stück","price":5,"supermarket":"spar","quantity":"0,88 l","image":"https://cdn1.interspar.at/cachableservlets/articleImage.dam/at/1172140/dt_main.jpg"},{"id":477,"title":"ESKIMO CREMISSIMO Schwarzwälder Kirsch","price":2,"supermarket":"spar","quantity":"0,9 l","image":"https://cdn1.interspar.at/cachableservlets/articleImage.dam/at/5681921/dt_main.jpg"},{"id":478,"title":"IGLO KÄPT'N IGLO MSC Dorsch paniert 8 Stück","price":5,"supermarket":"spar","quantity":"400 g","image":"https://cdn1.interspar.at/cachableservlets/articleImage.dam/at/111607/dt_main.jpg"},{"id":479,"title":"IGLO KÄPT'N IGLO MSC Dorsch in Knusperbrösel","price":5,"supermarket":"spar","quantity":"480 g","image":"https://cdn1.interspar.at/cachableservlets/articleImage.dam/at/2020002185862/dt_main.jpg"},{"id":480,"title":"IGLO FANG-FRISCH MSC Dorsch 6 Filetblöcke","price":5,"supermarket":"spar","quantity":"400 g","image":"https://cdn1.interspar.at/cachableservlets/articleImage.dam/at/111027/dt_main.jpg"},{"id":481,"title":"IGLO FANG-FRISCH Forelle Naturfilets","price":5,"supermarket":"spar","quantity":"282 g","image":"https://cdn1.interspar.at/cachableservlets/articleImage.dam/at/1568899/dt_main.jpg"},{"id":482,"title":"IGLO FANG-FRISCH Atlantik Lachs","price":5,"supermarket":"spar","quantity":"250 g","image":"https://cdn1.interspar.at/cachableservlets/articleImage.dam/at/1645811/dt_main.jpg"},{"id":483,"title":"IGLO MSC Thunfisch Naturfilets 2 Stück","price":5,"supermarket":"spar","quantity":"250 g","image":"https://cdn1.interspar.at/cachableservlets/articleImage.dam/at/2020002118914/dt_main.jpg"},{"id":484,"title":"IGLO Lachsforelle Naturfilets","price":5,"supermarket":"spar","quantity":"220 g","image":"https://cdn1.interspar.at/cachableservlets/articleImage.dam/at/2020003800818/dt_main.jpg"},{"id":485,"title":"SPAR BBQ Basis für Salsa Mexicana","price":0,"supermarket":"spar","quantity":"75 g","image":"https://cdn1.interspar.at/cachableservlets/articleImage.dam/at/2020001698349/dt_main.jpg"},{"id":486,"title":"ESKIMO CREMISSIMO Walnuss","price":2,"supermarket":"spar","quantity":"0,9 l","image":"https://cdn1.interspar.at/cachableservlets/articleImage.dam/at/1184105/dt_main.jpg"},{"id":487,"title":"FROZEN POWER Ice Bar crispy hazelnut 3 Stück","price":3,"supermarket":"spar","quantity":"150 g","image":"https://cdn1.interspar.at/cachableservlets/articleImage.dam/at/2020002885397/dt_main.jpg"},{"id":488,"title":"ESKIMO Likkies Strawberry Cheesecake 5 Stück","price":3,"supermarket":"spar","quantity":"420 ml","image":"https://cdn1.interspar.at/cachableservlets/articleImage.dam/at/2020003704611/dt_main.jpg"},{"id":489,"title":"ESKIMO CORNETTO Classico 6 Stück","price":3,"supermarket":"spar","quantity":"0,54 l","image":"https://cdn1.interspar.at/cachableservlets/articleImage.dam/at/3971277/dt_main.jpg"},{"id":490,"title":"IGLO Zander Naturfilets","price":5,"supermarket":"spar","quantity":"270 g","image":"https://cdn1.interspar.at/cachableservlets/articleImage.dam/at/1129755/dt_main.jpg"},{"id":491,"title":"ESKIMO NOGGER 6 Stück","price":3,"supermarket":"spar","quantity":"0,564 l","image":"https://cdn1.interspar.at/cachableservlets/articleImage.dam/at/1183870/dt_main.jpg"},{"id":492,"title":"ESKIMO MAGNUM Mania 8 Stück","price":5,"supermarket":"spar","quantity":"0,856 l","image":"https://cdn1.interspar.at/cachableservlets/articleImage.dam/at/2020002302122/dt_main.jpg"},{"id":493,"title":"BIO ART Heumilcheis Schokolade","price":2,"supermarket":"spar","quantity":"480 ml","image":"https://cdn1.interspar.at/cachableservlets/articleImage.dam/at/2020002794347/dt_main.jpg"},{"id":494,"title":"BIO ART Heumilcheis Vanille","price":2,"supermarket":"spar","quantity":"480 ml","image":"https://cdn1.interspar.at/cachableservlets/articleImage.dam/at/2020002794361/dt_main.jpg"},{"id":495,"title":"BIO ART Heumilcheis Weiße Schokolade","price":2,"supermarket":"spar","quantity":"480 ml","image":"https://cdn1.interspar.at/cachableservlets/articleImage.dam/at/2020002794385/dt_main.jpg"},{"id":496,"title":"FROZEN POWER Ice Bar creamy coco 3 Stück","price":3,"supermarket":"spar","quantity":"150 g","image":"https://cdn1.interspar.at/cachableservlets/articleImage.dam/at/2020002885427/dt_main.jpg"},{"id":497,"title":"BIO ART Hollerblüten Sorbet","price":2,"supermarket":"spar","quantity":"480 ml","image":"https://cdn1.interspar.at/cachableservlets/articleImage.dam/at/2020003461064/dt_main.jpg"},{"id":498,"title":"IGLO Blattspinat mit Schafkäse","price":1,"supermarket":"spar","quantity":"400 g","image":"https://cdn1.interspar.at/cachableservlets/articleImage.dam/at/2549927/dt_main.jpg"},{"id":499,"title":"IGLO SO ISST ÖSTERREICH Backhendlstreifen mit Sesamkörnern","price":1,"supermarket":"spar","quantity":"200 g","image":"https://cdn1.interspar.at/cachableservlets/articleImage.dam/at/3954898/dt_main.jpg"},{"id":500,"title":"ESKIMO CORNETTO Erdbeer 6 Stück","price":3,"supermarket":"spar","quantity":"0,54 l","image":"https://cdn1.interspar.at/cachableservlets/articleImage.dam/at/3971246/dt_main.jpg"},{"id":501,"title":"IGLO Blattspinat mit Pinienkernen","price":1,"supermarket":"spar","quantity":"400 g","image":"https://cdn1.interspar.at/cachableservlets/articleImage.dam/at/5154548/dt_main.jpg"},{"id":502,"title":"IGLO Backhendlstreifen","price":1,"supermarket":"spar","quantity":"250 g","image":"https://cdn1.interspar.at/cachableservlets/articleImage.dam/at/6426149/dt_main.jpg"},{"id":503,"title":"IGLO Backhendl-Streifen mit gehackten Kürbiskernen","price":1,"supermarket":"spar","quantity":"200 g","image":"https://cdn1.interspar.at/cachableservlets/articleImage.dam/at/8121646/dt_main.jpg"},{"id":504,"title":"WEIZENFREI Jour Gebäck Mischung tiefgekühlt","price":2,"supermarket":"spar","quantity":"330 g","image":"https://cdn1.interspar.at/cachableservlets/articleImage.dam/at/2020003736582/dt_main.jpg"},{"id":505,"title":"WEIZENFREI Laugenbreze tiefgekühlt","price":2,"supermarket":"spar","quantity":"400 g","image":"https://cdn1.interspar.at/cachableservlets/articleImage.dam/at/2020003736636/dt_main.jpg"},{"id":506,"title":"ESKIMO CREMISSIMO à la Erdbeer Combino","price":2,"supermarket":"spar","quantity":"0,9 l","image":"https://cdn1.interspar.at/cachableservlets/articleImage.dam/at/2020002312152/dt_main.jpg"},{"id":507,"title":"ESKIMO Tiramisu","price":2,"supermarket":"spar","quantity":"0,9 l","image":"https://cdn1.interspar.at/cachableservlets/articleImage.dam/at/2020002312176/dt_main.jpg"},{"id":508,"title":"Schoko-Kokos-Kuchen 4 Stück","price":2,"supermarket":"spar","quantity":"400 g","image":"https://cdn1.interspar.at/cachableservlets/articleImage.dam/at/2020002628451/dt_main.jpg"},{"id":509,"title":"Marillen-Kuchen 4 Stück","price":2,"supermarket":"spar","quantity":"400 g","image":"https://cdn1.interspar.at/cachableservlets/articleImage.dam/at/2020002628499/dt_main.jpg"},{"id":510,"title":"Kirsch-Marmorkuchen 4 Stück","price":2,"supermarket":"spar","quantity":"400 g","image":"https://cdn1.interspar.at/cachableservlets/articleImage.dam/at/2020002628512/dt_main.jpg"},{"id":511,"title":"Zwetschken-Kuchen 4 Stück","price":2,"supermarket":"spar","quantity":"400 g","image":"https://cdn1.interspar.at/cachableservlets/articleImage.dam/at/2020002628758/dt_main.jpg"},{"id":512,"title":"ESKIMO CREMISSIMO Paradiesische Träume","price":2,"supermarket":"spar","quantity":"0,9 l","image":"https://cdn1.interspar.at/cachableservlets/articleImage.dam/at/2020002817992/dt_main.jpg"},{"id":513,"title":"ESKIMO CREMISSIMO à la Brickerl","price":2,"supermarket":"spar","quantity":"0,9 l","image":"https://cdn1.interspar.at/cachableservlets/articleImage.dam/at/2020002818029/dt_main.jpg"},{"id":514,"title":"ESKIMO CREMISSIMO Haselnuss Traum","price":2,"supermarket":"spar","quantity":"0,9 l","image":"https://cdn1.interspar.at/cachableservlets/articleImage.dam/at/2020003264481/dt_main.jpg"},{"id":515,"title":"ESKIMO CREMISSIMO Bourbon Vanille","price":2,"supermarket":"spar","quantity":"1,3 l","image":"https://cdn1.interspar.at/cachableservlets/articleImage.dam/at/2020003703621/dt_main.jpg"},{"id":516,"title":"ESKIMO CREMISSIMO Solero Exotic","price":2,"supermarket":"spar","quantity":"0,9 l","image":"https://cdn1.interspar.at/cachableservlets/articleImage.dam/at/2020003703669/dt_main.jpg"},{"id":517,"title":"ESKIMO CREMISSIMO Salted Caramel","price":2,"supermarket":"spar","quantity":"0,9 l","image":"https://cdn1.interspar.at/cachableservlets/articleImage.dam/at/2020003711190/dt_main.jpg"},{"id":518,"title":"ESKIMO CREMISSIMO Heidelbeer Traum","price":2,"supermarket":"spar","quantity":"0,9 l","image":"https://cdn1.interspar.at/cachableservlets/articleImage.dam/at/8059215/dt_main.jpg"},{"id":519,"title":"ESKIMO Party Mix 10 Stück","price":3,"supermarket":"spar","quantity":"0,644 l","image":"https://cdn1.interspar.at/cachableservlets/articleImage.dam/at/2020002342456/dt_main.jpg"},{"id":520,"title":"ESKIMO NOGGER Mix 6 Stück","price":3,"supermarket":"spar","quantity":"0,548 l","image":"https://cdn1.interspar.at/cachableservlets/articleImage.dam/at/2020002973629/dt_main.jpg"},{"id":521,"title":"All natural ice cream Stracciatella","price":2,"supermarket":"spar","quantity":"473 ml","image":"https://cdn1.interspar.at/cachableservlets/articleImage.dam/at/2020003239090/dt_main.jpg"},{"id":522,"title":"All natural ice cream dunkle Schokolade","price":2,"supermarket":"spar","quantity":"473 ml","image":"https://cdn1.interspar.at/cachableservlets/articleImage.dam/at/2020003239106/dt_main.jpg"},{"id":523,"title":"All natural ice cream Milcheis","price":2,"supermarket":"spar","quantity":"473 ml","image":"https://cdn1.interspar.at/cachableservlets/articleImage.dam/at/2020003239113/dt_main.jpg"},{"id":524,"title":"All natural ice cream Kaffee","price":2,"supermarket":"spar","quantity":"473 ml","image":"https://cdn1.interspar.at/cachableservlets/articleImage.dam/at/2020003239144/dt_main.jpg"},{"id":525,"title":"All natural ice cream Minze & Schokostücke","price":2,"supermarket":"spar","quantity":"473 ml","image":"https://cdn1.interspar.at/cachableservlets/articleImage.dam/at/2020003239151/dt_main.jpg"},{"id":526,"title":"All natural ice cream Crema all' Italiana","price":2,"supermarket":"spar","quantity":"473 ml","image":"https://cdn1.interspar.at/cachableservlets/articleImage.dam/at/2020003239175/dt_main.jpg"},{"id":527,"title":"ESKIMO CREMISSIMO Erdbeer Joghurt","price":2,"supermarket":"spar","quantity":"0,9 l","image":"https://cdn1.interspar.at/cachableservlets/articleImage.dam/at/2020003264436/dt_main.jpg"},{"id":528,"title":"LEONE Home is where the cookie is","price":2,"supermarket":"spar","quantity":"450 ml","image":"https://cdn1.interspar.at/cachableservlets/articleImage.dam/at/2020003276712/dt_main.jpg"},{"id":529,"title":"LEONE Time to chill","price":2,"supermarket":"spar","quantity":"450 ml","image":"https://cdn1.interspar.at/cachableservlets/articleImage.dam/at/2020003276798/dt_main.jpg"},{"id":530,"title":"LEONE On top of the world","price":2,"supermarket":"spar","quantity":"450 ml","image":"https://cdn1.interspar.at/cachableservlets/articleImage.dam/at/2020003278518/dt_main.jpg"},{"id":531,"title":"ESKIMO CREMISSIMO Schokoheld","price":2,"supermarket":"spar","quantity":"0,9 l","image":"https://cdn1.interspar.at/cachableservlets/articleImage.dam/at/2020003703652/dt_main.jpg"},{"id":532,"title":"ESKIMO CORNETTO Salted Caramel 4 Stück","price":3,"supermarket":"spar","quantity":"0,56 l","image":"https://cdn1.interspar.at/cachableservlets/articleImage.dam/at/2020003704420/dt_main.jpg"},{"id":533,"title":"all natural ice cream Pistazie","price":2,"supermarket":"spar","quantity":"473 ml","image":"https://cdn1.interspar.at/cachableservlets/articleImage.dam/at/2020003709098/dt_main.jpg"},{"id":534,"title":"LEONE Hazelnut Brownie cup","price":2,"supermarket":"spar","quantity":"450 ml","image":"https://cdn1.interspar.at/cachableservlets/articleImage.dam/at/2020003710711/dt_main.jpg"},{"id":535,"title":"ESKIMO Twinni 9 Stück","price":3,"supermarket":"spar","quantity":"0,648 l","image":"https://cdn1.interspar.at/cachableservlets/articleImage.dam/at/2993300/dt_main.jpg"},{"id":536,"title":"DR. OETKER BISTRO Baguette Avignon 2 Stück","price":1,"supermarket":"spar","quantity":"250 g","image":"https://cdn1.interspar.at/cachableservlets/articleImage.dam/at/3140000/dt_main.jpg"},{"id":537,"title":"DR. OETKER BISTRO Baguette Provence 2 Stück","price":1,"supermarket":"spar","quantity":"250 g","image":"https://cdn1.interspar.at/cachableservlets/articleImage.dam/at/3140048/dt_main.jpg"},{"id":538,"title":"DR. OETKER BISTRO Baguette Korsika 2 Stück","price":1,"supermarket":"spar","quantity":"250 g","image":"https://cdn1.interspar.at/cachableservlets/articleImage.dam/at/5109487/dt_main.jpg"},{"id":539,"title":"Puten-Ministeaks, 800 g","price":5.99,"supermarket":"hofer","quantity":"per Packung € 5,99","image":"https://s7g10.scene7.com/is/image/aldi/11893_MISA02060506"},{"id":540,"title":"Schlögelsteaks","price":5.99,"supermarket":"hofer","quantity":"per kg € 5,99","image":"https://s7g10.scene7.com/is/image/aldi/38745_MISA02060506"},{"id":541,"title":"GOURMET Norwegisches Lachsfilet, 300 g","price":3.99,"supermarket":"hofer","quantity":"statt 4,99\nper Packung € 3,99","image":"https://s7g10.scene7.com/is/image/aldi/806086_MISA02060506"},{"id":542,"title":"ALMARE SEAFOOD ASC Forelle geräuchert","price":12.99,"supermarket":"hofer","quantity":"per kg € 12,99","image":"https://s7g10.scene7.com/is/image/aldi/47416_MISA02060506"},{"id":543,"title":"HOFER MARKTPLATZ Wassermelone","price":-0.79,"supermarket":"hofer","quantity":"statt 1,19\nper kg € -,79","image":"https://s7g10.scene7.com/is/image/aldi/39095_MISA02060506"},{"id":544,"title":"HOFER MARKTPLATZ Äpfel aus Österreich","price":1.19,"supermarket":"hofer","quantity":"statt 1,69\nper kg € 1,19","image":"https://s7g10.scene7.com/is/image/aldi/36368_MISA02060506"},{"id":545,"title":"HOFER MARKTPLATZ Nektarinen","price":2.69,"supermarket":"hofer","quantity":"statt 3,69\nper kg € 2,69","image":"https://s7g10.scene7.com/is/image/aldi/12966_MISA02060506"},{"id":546,"title":"HOFER MARKTPLATZ Radieschen aus Österreich","price":-0.49,"supermarket":"hofer","quantity":"statt -,79\nper Bund € -,49","image":"https://s7g10.scene7.com/is/image/aldi/45032_MISA02060506"},{"id":547,"title":"HOFER MARKTPLATZ Kräuterseitlinge, 150 g","price":1.99,"supermarket":"hofer","quantity":"statt 2,79\nper Packung € 1,99","image":"https://s7g10.scene7.com/is/image/aldi/702706_MISA02060506"},{"id":548,"title":"ZURÜCK ZUM URSPRUNG BIO-Dinkelspitz","price":-0.49,"supermarket":"hofer","quantity":"statt -,69\nper Stück € -,49","image":"https://s7g10.scene7.com/is/image/aldi/710533_MISA02060506"},{"id":549,"title":"BACKBOX Feinbuttriges Laugenbuttereck","price":-0.49,"supermarket":"hofer","quantity":"statt -,69\nper Stück € -,49","image":"https://s7g10.scene7.com/is/image/aldi/712762_MISA02060506"},{"id":550,"title":"BACKBOX Kärntner Zuckerreinkerl","price":-0.69,"supermarket":"hofer","quantity":"statt -,99\nper Stück € -,69","image":"https://s7g10.scene7.com/is/image/aldi/712896_MISA02060506"},{"id":551,"title":"BACKBOX Österreichisches Müsliweckerl","price":-0.35,"supermarket":"hofer","quantity":"statt -,49\nper Stück € -,35","image":""},{"id":552,"title":"ZURÜCK ZUM URSPRUNG BIO-Roggenvollkornbrot, 500 g","price":1.69,"supermarket":"hofer","quantity":"statt 2,39\nper Stück € 1,69","image":""},{"id":553,"title":"BACKBOX Französisches Butter-Croissant","price":-0.35,"supermarket":"hofer","quantity":"statt -,49\nper Stück € -,35","image":""},{"id":554,"title":"Actimel Drink, 10 x 100 g","price":1.96,"supermarket":"hofer","quantity":"statt 3,89\nper Packung € 1,96","image":""},{"id":555,"title":"Zipfer Märzen, 0,5 l","price":-0.69,"supermarket":"hofer","quantity":"statt 1,17\nper Dose € -,69","image":""},{"id":556,"title":"Puntigamer, 0,33 l","price":-0.55,"supermarket":"hofer","quantity":"statt 1,03\nper Flasche € -,55","image":""},{"id":557,"title":"Ottakringer, 0,5 l","price":-0.49,"supermarket":"hofer","quantity":"statt -,95\nper Dose € -,49","image":""},{"id":558,"title":"Unsere Klassiker, 524 ml","price":2.99,"supermarket":"hofer","quantity":"statt 4,29\nper Packung € 2,99","image":""},{"id":559,"title":"GOURMET Krustenbratl, 190 g","price":2.79,"supermarket":"hofer","quantity":"statt 3,49\nper Stück € 2,79","image":""},{"id":560,"title":"Hauswurst, 1 kg","price":4.79,"supermarket":"hofer","quantity":"per Stück € 4,79","image":""},{"id":561,"title":"Wustsortiment, 500 g/440 g/400 g","price":2.49,"supermarket":"hofer","quantity":"per Packung € 2,49","image":""},{"id":562,"title":"JUST VEG! Vegane Gemüselaibchen, 2 x 80 g","price":1.99,"supermarket":"hofer","quantity":"per Packung € 1,99","image":""},{"id":563,"title":"BACKBOX Fruchtiger Joghurt-Himbeer-Plunder","price":-0.69,"supermarket":"hofer","quantity":"statt -,99\nper Stück € -,69","image":""},{"id":564,"title":"BACKBOX Rustikales Landbaguette, 250 g","price":-0.55,"supermarket":"hofer","quantity":"statt -,69\nper Stück € -,55","image":""},{"id":565,"title":"Mozzarella laktosefrei, 125 g","price":-0.79,"supermarket":"hofer","quantity":"statt -,99\nper Packung € -,79","image":""},{"id":567,"title":"HOFER MARKTPLATZ Bananen","price":1,"supermarket":"hofer","quantity":"per kg € 1,-","image":""},{"id":568,"title":"HOFER MARKTPLATZ Zitronen, 1 kg","price":1,"supermarket":"hofer","quantity":"per Netz € 1,-","image":""},{"id":569,"title":"HOFER MARKTPLATZ Weinbergpfirsiche, 500 g","price":1,"supermarket":"hofer","quantity":"per Packung € 1,-\n2,-/kg","image":""},{"id":570,"title":"HOFER MARKTPLATZ Karotten aus Österreich, 1 kg","price":1,"supermarket":"hofer","quantity":"per Packung € 1,-","image":""},{"id":571,"title":"HOFER MARKTPLATZ Salatherzen aus Österreich, 2 Stk.","price":1,"supermarket":"hofer","quantity":"per Packung € 1,-\n-,50/Stück","image":""},{"id":571,"title":"!!BERGSTEIGER GESCHN. 80 G (WIE)","price":1.29,"supermarket":"penny","quantity":"80.0 gramm packung","image":""},{"id":572,"title":"Neo Verlängerung*","price":9.99,"supermarket":"penny","quantity":"1.0 stück","image":"https://a226c7accd98bbc75294-b286594b075ef5d81fe9666f2e45d8ba.ssl.cf3.rackcdn.com/img-HKLVu5wi-medium.jpg"},{"id":573,"title":"15 M Kabeltrommel*","price":19.99,"supermarket":"penny","quantity":"1.0 stück","image":"https://a226c7accd98bbc75294-b286594b075ef5d81fe9666f2e45d8ba.ssl.cf3.rackcdn.com/img-qckdbXdg-medium.jpg"},{"id":574,"title":"Neo Verlängerung*","price":15.99,"supermarket":"penny","quantity":"1.0 stück","image":"https://a226c7accd98bbc75294-b286594b075ef5d81fe9666f2e45d8ba.ssl.cf3.rackcdn.com/img-g5zy6kid-medium.jpg"},{"id":575,"title":"Bauchfleisch","price":5.99,"supermarket":"penny","quantity":"","image":""},{"id":576,"title":"Beinfleisch","price":5.99,"supermarket":"penny","quantity":"","image":""},{"id":577,"title":"Schweinsschulter*","price":4.99,"supermarket":"penny","quantity":"","image":""},{"id":578,"title":"Akku-Minischleifer","price":29.99,"supermarket":"penny","quantity":"1.0 stück","image":""},{"id":579,"title":"Akku-Schrauber","price":24.99,"supermarket":"penny","quantity":"1.0 stück","image":""},{"id":580,"title":"Almdudler","price":1.09,"supermarket":"penny","quantity":"","image":""},{"id":581,"title":"ALPRO DRINK MK","price":1.69,"supermarket":"penny","quantity":"1.0 liter packung","image":""},{"id":582,"title":"Kokos Drink","price":1.69,"supermarket":"penny","quantity":"","image":""},{"id":583,"title":"Mandel Drink ungesüßt","price":1.69,"supermarket":"penny","quantity":"","image":""},{"id":584,"title":"Soja-Joghurt","price":1.29,"supermarket":"penny","quantity":"","image":""},{"id":585,"title":"Slipeinlagen Extra Protect*","price":1.99,"supermarket":"penny","quantity":"","image":""},{"id":586,"title":"ALWAYS SE EXTRA PROTECT LONG PLUS VP","price":1.99,"supermarket":"penny","quantity":"40.0 stück packung","image":""},{"id":587,"title":"Slipeinlagen","price":1.99,"supermarket":"penny","quantity":"","image":""},{"id":588,"title":"Frisches Hühnerfilet","price":5.99,"supermarket":"penny","quantity":"","image":""},{"id":589,"title":"ANKER CIABATTA RUSTIKAL","price":0.99,"supermarket":"penny","quantity":"300.0 gramm stück","image":""},{"id":590,"title":"Pulver*","price":14.99,"supermarket":"penny","quantity":"","image":""},{"id":591,"title":"ARIEL ALL IN 1 PODS REGULÄR 75WG","price":14.99,"supermarket":"penny","quantity":"75.0 waschgang packung","image":""},{"id":592,"title":"Flüssig","price":14.99,"supermarket":"penny","quantity":"","image":""},{"id":593,"title":"Feuchttücher","price":1.97,"supermarket":"penny","quantity":"","image":""},{"id":594,"title":"Feuchttücher","price":1.97,"supermarket":"penny","quantity":"","image":""},{"id":595,"title":"7-Kräuter-Salz","price":1.19,"supermarket":"penny","quantity":"","image":""},{"id":596,"title":"Bambus-Herrendiener*","price":29.99,"supermarket":"penny","quantity":"1.0 stück","image":""},{"id":597,"title":"Bierkrug*","price":5.99,"supermarket":"penny","quantity":"1.0 stück","image":""},{"id":598,"title":"Schlagbohrmaschine*","price":29.99,"supermarket":"penny","quantity":"","image":""},{"id":599,"title":"Blaufränkisch","price":2.99,"supermarket":"penny","quantity":"","image":""},{"id":600,"title":"Feuchte Allzwecktücher","price":1.49,"supermarket":"penny","quantity":"","image":""},{"id":601,"title":"Hygienespray*","price":1.69,"supermarket":"penny","quantity":"","image":""},{"id":602,"title":"Barttrimmer und Haarschneider*","price":39.99,"supermarket":"penny","quantity":"","image":""},{"id":603,"title":"Multivitamin","price":0.99,"supermarket":"penny","quantity":"","image":"https://a226c7accd98bbc75294-b286594b075ef5d81fe9666f2e45d8ba.ssl.cf3.rackcdn.com/img-FBY2odgM-medium.jpg"},{"id":604,"title":"Cevapcici mild","price":2.69,"supermarket":"penny","quantity":"","image":"https://a226c7accd98bbc75294-b286594b075ef5d81fe9666f2e45d8ba.ssl.cf3.rackcdn.com/img-7k3mCaKW-medium.jpg"},{"id":605,"title":"Cevapci scharf*","price":2.69,"supermarket":"penny","quantity":"","image":"https://a226c7accd98bbc75294-b286594b075ef5d81fe9666f2e45d8ba.ssl.cf3.rackcdn.com/img-cbaLF2ar-medium.jpg"},{"id":606,"title":"Grillparty Mix","price":3.99,"supermarket":"penny","quantity":"","image":"https://a226c7accd98bbc75294-b286594b075ef5d81fe9666f2e45d8ba.ssl.cf3.rackcdn.com/img-x26f1G7i-medium.jpg"},{"id":607,"title":"Käsegriller","price":1.99,"supermarket":"penny","quantity":"","image":""},{"id":608,"title":"Schweineohren","price":4.99,"supermarket":"penny","quantity":"","image":""},{"id":609,"title":"Frizzante Cherry","price":1.29,"supermarket":"penny","quantity":"0.75 liter flasche","image":""},{"id":610,"title":"CIF POWER & SHINE 750ML","price":1.89,"supermarket":"penny","quantity":"750.0 milliliter stück","image":""},{"id":611,"title":"Feine Cremeschnitte","price":2.99,"supermarket":"penny","quantity":"360.0 gramm stück","image":""},{"id":612,"title":"Herren-Socken*","price":6.99,"supermarket":"penny","quantity":"1.0 stück","image":""},{"id":613,"title":"Hygienereiniger Original","price":2.29,"supermarket":"penny","quantity":"","image":""},{"id":614,"title":"Danny Sahne XXL Schoko*","price":1.99,"supermarket":"penny","quantity":"","image":""},{"id":615,"title":"Danny Sahne XXL Vanille*","price":1.99,"supermarket":"penny","quantity":"","image":""},{"id":616,"title":"Dartboard*","price":7.99,"supermarket":"penny","quantity":"1.0 stück","image":""},{"id":617,"title":"Dartboard*","price":85.83,"supermarket":"penny","quantity":"1.0 stück","image":""},{"id":618,"title":"Dartpfeil-Set*","price":2.99,"supermarket":"penny","quantity":"1.0 stück","image":""},{"id":619,"title":"Rapsöl","price":3.39,"supermarket":"penny","quantity":"","image":""},{"id":620,"title":"Smartphone*","price":69.99,"supermarket":"penny","quantity":"","image":""},{"id":621,"title":"Soundbar mit Bluetooth*","price":49.99,"supermarket":"penny","quantity":"","image":""},{"id":622,"title":"Digitale Schiebelehre*","price":11.99,"supermarket":"penny","quantity":"1.0 stück","image":""},{"id":623,"title":"Schoko Müsli","price":1.89,"supermarket":"penny","quantity":"","image":""},{"id":624,"title":"Müsli weniger süß","price":1.89,"supermarket":"penny","quantity":"","image":""},{"id":625,"title":"Schlagobers","price":1.09,"supermarket":"penny","quantity":"","image":""},{"id":626,"title":"Grüner Veltiner","price":2.99,"supermarket":"penny","quantity":"","image":""},{"id":627,"title":"Natives Olivenöl extra","price":5.99,"supermarket":"penny","quantity":"","image":""},{"id":628,"title":"Salami","price":1.49,"supermarket":"penny","quantity":"","image":""},{"id":629,"title":"Blauer Zweigelt","price":2.99,"supermarket":"penny","quantity":"","image":""},{"id":630,"title":"Edelsalami","price":4.49,"supermarket":"penny","quantity":"","image":""},{"id":631,"title":"Mini Max Kinderquark","price":1.19,"supermarket":"penny","quantity":"","image":""},{"id":632,"title":"Erdspieß*","price":22.99,"supermarket":"penny","quantity":"1.0 stück","image":""},{"id":633,"title":"Jolly*","price":2.99,"supermarket":"penny","quantity":"","image":""},{"id":634,"title":"Magnum Classic","price":5.99,"supermarket":"penny","quantity":"","image":""},{"id":635,"title":"Magnum Mandel","price":5.99,"supermarket":"penny","quantity":"","image":"https://a226c7accd98bbc75294-b286594b075ef5d81fe9666f2e45d8ba.ssl.cf3.rackcdn.com/img-ZnXSa3N4-medium.jpg"},{"id":636,"title":"Magnum Mania","price":5.99,"supermarket":"penny","quantity":"","image":"https://a226c7accd98bbc75294-b286594b075ef5d81fe9666f2e45d8ba.ssl.cf3.rackcdn.com/img-hs8Detrr-medium.jpg"},{"id":637,"title":"FERRERO HANUTA RIEGEL","price":1.99,"supermarket":"penny","quantity":"172.0 gramm riegel","image":"https://a226c7accd98bbc75294-b286594b075ef5d81fe9666f2e45d8ba.ssl.cf3.rackcdn.com/img-vbFr4_6q-medium.jpg"},{"id":638,"title":"Mon Cheri","price":0.64,"supermarket":"penny","quantity":"","image":""},{"id":639,"title":"Rocher","price":1.99,"supermarket":"penny","quantity":"","image":""},{"id":640,"title":"Mehl glatt","price":0.99,"supermarket":"penny","quantity":"","image":""},{"id":641,"title":"Mehl universal","price":0.99,"supermarket":"penny","quantity":"","image":""},{"id":642,"title":"Vitaminreiche Fisolen","price":1.59,"supermarket":"penny","quantity":"500.0 gramm tasse","image":""},{"id":643,"title":"Herren T-Shirt*","price":19.99,"supermarket":"penny","quantity":"","image":""},{"id":644,"title":"Frische Hühnerkeulenviertel*","price":6.99,"supermarket":"penny","quantity":"","image":""},{"id":645,"title":"FROSCH ESSIG REINIGER","price":1.79,"supermarket":"penny","quantity":"1000.0 milliliter flasche","image":""},{"id":646,"title":"Grillkäse","price":1.59,"supermarket":"penny","quantity":"","image":""},{"id":647,"title":"Schafkäse","price":1.89,"supermarket":"penny","quantity":"","image":""},{"id":648,"title":"Waldviertler Würstel","price":2.49,"supermarket":"penny","quantity":"","image":""},{"id":649,"title":"Grillwurstplatte","price":2.99,"supermarket":"penny","quantity":"","image":""},{"id":650,"title":"Grüner Veltiner","price":2.99,"supermarket":"penny","quantity":"","image":""},{"id":651,"title":"Frische Gurken*","price":1.19,"supermarket":"penny","quantity":"","image":""},{"id":652,"title":"Alpenkräuter","price":6.49,"supermarket":"penny","quantity":"","image":""},{"id":653,"title":"Cheddar*","price":4.99,"supermarket":"penny","quantity":"","image":""},{"id":654,"title":"Guten Morgen Milch","price":0.99,"supermarket":"penny","quantity":"","image":""},{"id":655,"title":"Herren-Unterhemd*","price":7.99,"supermarket":"penny","quantity":"1.0 stück","image":""},{"id":656,"title":"Grillhendlteller","price":4.19,"supermarket":"penny","quantity":"","image":""},{"id":657,"title":"Quittin*","price":1.49,"supermarket":"penny","quantity":"","image":""},{"id":658,"title":"Zitronensäure*","price":0.99,"supermarket":"penny","quantity":"","image":""},{"id":659,"title":"HANUTA BLACK & WHITE","price":1.99,"supermarket":"penny","quantity":"224.0 gramm packung","image":""},{"id":660,"title":"Hanuta Schnitte*","price":1.99,"supermarket":"penny","quantity":"220.0 gramm stück","image":""},{"id":661,"title":"Happy Day Apfelsaft","price":1.19,"supermarket":"penny","quantity":"","image":""},{"id":662,"title":"Happy Day Multivitamin","price":1.19,"supermarket":"penny","quantity":"","image":""},{"id":663,"title":"Happy Day Multivitaminsaft","price":1.19,"supermarket":"penny","quantity":"","image":""},{"id":664,"title":"Happy Day Orange mild","price":1.19,"supermarket":"penny","quantity":"","image":""},{"id":665,"title":"Happy Day Orangensaft","price":1.19,"supermarket":"penny","quantity":"","image":""},{"id":666,"title":"Real Squeezer","price":1.99,"supermarket":"penny","quantity":"","image":""},{"id":667,"title":"Vegane Mayonnaise*","price":1.85,"supermarket":"penny","quantity":"","image":"https://a226c7accd98bbc75294-b286594b075ef5d81fe9666f2e45d8ba.ssl.cf3.rackcdn.com/img-ITaP73Qm-medium.jpg"},{"id":668,"title":"Heringsfilets in Creme","price":1.29,"supermarket":"penny","quantity":"","image":"https://a226c7accd98bbc75294-b286594b075ef5d81fe9666f2e45d8ba.ssl.cf3.rackcdn.com/img-1Ie6Mrli-medium.jpg"},{"id":669,"title":"Herren-Karohemd*","price":9.99,"supermarket":"penny","quantity":"1.0 stück","image":"https://a226c7accd98bbc75294-b286594b075ef5d81fe9666f2e45d8ba.ssl.cf3.rackcdn.com/img-7cQevN_r-medium.jpg"},{"id":670,"title":"Herren-Sneaker*","price":19.99,"supermarket":"penny","quantity":"","image":"https://a226c7accd98bbc75294-b286594b075ef5d81fe9666f2e45d8ba.ssl.cf3.rackcdn.com/img-B46VOC1D-medium.jpg"},{"id":671,"title":"Frizzante Himbeer","price":1.29,"supermarket":"penny","quantity":"0.75 liter flasche","image":""},{"id":672,"title":"Rosé","price":3.99,"supermarket":"penny","quantity":"","image":""},{"id":673,"title":"Sekt trocken","price":3.99,"supermarket":"penny","quantity":"","image":""},{"id":674,"title":"HP RÖMERQ. EMOTION 0.75L GEMISCHT","price":0.66,"supermarket":"penny","quantity":"0.75 liter flasche","image":""},{"id":675,"title":"Frische Hühner bratfertig*","price":3.29,"supermarket":"penny","quantity":"","image":""},{"id":676,"title":"Barbecueschinken","price":1.79,"supermarket":"penny","quantity":"","image":""},{"id":677,"title":"Beinschinken","price":1.79,"supermarket":"penny","quantity":"","image":""},{"id":678,"title":"Premium Cherrytomaten auf Rispe","price":1.69,"supermarket":"penny","quantity":"","image":""},{"id":679,"title":"Crème Fraiche","price":0.59,"supermarket":"penny","quantity":"","image":""},{"id":680,"title":"Dürre doppelt geräuchert","price":2.99,"supermarket":"penny","quantity":"","image":""},{"id":681,"title":"Dürre pikant","price":2.99,"supermarket":"penny","quantity":"","image":""},{"id":682,"title":"Edelprinz","price":2.49,"supermarket":"penny","quantity":"","image":""},{"id":683,"title":"Farmerschinken","price":1.79,"supermarket":"penny","quantity":"","image":""},{"id":684,"title":"Heurige Erdäpfel","price":1.99,"supermarket":"penny","quantity":"","image":""},{"id":685,"title":"Jausenwurst","price":2.99,"supermarket":"penny","quantity":"","image":""},{"id":686,"title":"Kaminwurzerl geräuchert","price":2.19,"supermarket":"penny","quantity":"","image":""},{"id":687,"title":"Kaminwurzerl scharf","price":2.19,"supermarket":"penny","quantity":"","image":""},{"id":688,"title":"Knoferl","price":3.29,"supermarket":"penny","quantity":"","image":""},{"id":689,"title":"Steirischer Kren","price":1.39,"supermarket":"penny","quantity":"","image":""},{"id":690,"title":"Steirische Käferbohnen","price":1.49,"supermarket":"penny","quantity":"","image":""},{"id":691,"title":"Käsewurst","price":1.29,"supermarket":"penny","quantity":"","image":""},{"id":692,"title":"Fruchtmolke","price":0.49,"supermarket":"penny","quantity":"","image":""},{"id":693,"title":"Knackige Paprika Tricolore","price":1.69,"supermarket":"penny","quantity":"","image":""},{"id":694,"title":"Salami","price":1.29,"supermarket":"penny","quantity":"","image":""},{"id":695,"title":"Semmelknödel Fertigmischung","price":1.49,"supermarket":"penny","quantity":"","image":""},{"id":696,"title":"Steirisches Kürbiskernöl","price":7.99,"supermarket":"penny","quantity":"","image":""},{"id":697,"title":"Weinkäse","price":2.29,"supermarket":"penny","quantity":"","image":""},{"id":698,"title":"Semmelwürfel","price":0.69,"supermarket":"penny","quantity":"","image":""},{"id":699,"title":"Weizengrieß","price":0.78,"supermarket":"penny","quantity":"","image":"https://a226c7accd98bbc75294-b286594b075ef5d81fe9666f2e45d8ba.ssl.cf3.rackcdn.com/img-SaGlBYSl-medium.jpg"},{"id":700,"title":"Auslese Pads","price":4.19,"supermarket":"penny","quantity":"","image":"https://a226c7accd98bbc75294-b286594b075ef5d81fe9666f2e45d8ba.ssl.cf3.rackcdn.com/img-oEa5Sm18-medium.jpg"},{"id":701,"title":"Icepresso","price":0.79,"supermarket":"penny","quantity":"","image":"https://a226c7accd98bbc75294-b286594b075ef5d81fe9666f2e45d8ba.ssl.cf3.rackcdn.com/img-CrKJEZff-medium.jpg"},{"id":702,"title":"Präsident ganze Bohne","price":3.49,"supermarket":"penny","quantity":"","image":"https://a226c7accd98bbc75294-b286594b075ef5d81fe9666f2e45d8ba.ssl.cf3.rackcdn.com/img-90XIRFOk-medium.jpg"},{"id":703,"title":"Präsident gemahlen","price":3.49,"supermarket":"penny","quantity":"","image":""},{"id":704,"title":"Marmorkuchen","price":0.99,"supermarket":"penny","quantity":"","image":""},{"id":705,"title":"Jägermeister*","price":10.99,"supermarket":"penny","quantity":"","image":""},{"id":706,"title":"Karree","price":5.99,"supermarket":"penny","quantity":"","image":""},{"id":707,"title":"Choco Fresh","price":1.19,"supermarket":"penny","quantity":"","image":""},{"id":708,"title":"Kinder Happy Hippo*","price":1.99,"supermarket":"penny","quantity":"","image":""},{"id":709,"title":"Kleiner Klopfer","price":9.99,"supermarket":"penny","quantity":"0.5 liter packung","image":""},{"id":710,"title":"Aromatischer Knollenknoblauch","price":2.19,"supermarket":"penny","quantity":"250.0 gramm korb","image":""},{"id":711,"title":"Salatkrönung Gartenkräuter","price":0.99,"supermarket":"penny","quantity":"","image":""},{"id":712,"title":"Salatkrönung Italienische Kräuter","price":0.99,"supermarket":"penny","quantity":"","image":""},{"id":713,"title":"Salatkrönung Kräuter-Knoblauch","price":0.99,"supermarket":"penny","quantity":"","image":""},{"id":714,"title":"Gewürzmühlen","price":2.49,"supermarket":"penny","quantity":"","image":""},{"id":715,"title":"Haftcreme","price":2.95,"supermarket":"penny","quantity":"","image":""},{"id":716,"title":"LEDER-GELDBÖRSE MIT RFID-SCHUTZ","price":7.99,"supermarket":"penny","quantity":"1.0 stück","image":""},{"id":717,"title":"Crunchips Paprika","price":0.99,"supermarket":"penny","quantity":"","image":""},{"id":718,"title":"Crunchips Salz","price":0.99,"supermarket":"penny","quantity":"","image":""},{"id":719,"title":"Frizzante Lychee","price":1.29,"supermarket":"penny","quantity":"0.75 liter flasche","image":""},{"id":720,"title":"Magic Asia Cup","price":0.99,"supermarket":"penny","quantity":"","image":""},{"id":721,"title":"Magic Asia Cup","price":0.99,"supermarket":"penny","quantity":"","image":""},{"id":722,"title":"Magic Asia","price":0.59,"supermarket":"penny","quantity":"","image":""},{"id":723,"title":"Würze","price":1.79,"supermarket":"penny","quantity":"","image":""},{"id":724,"title":"Pina Colada*","price":1.79,"supermarket":"penny","quantity":"","image":""},{"id":725,"title":"Pineapple*","price":1.79,"supermarket":"penny","quantity":"","image":""},{"id":726,"title":"Saftige Marillen","price":1.99,"supermarket":"penny","quantity":"1.0 kilogramm korb","image":""},{"id":727,"title":"Mars*","price":1.09,"supermarket":"penny","quantity":"180.0 gramm packung","image":""},{"id":728,"title":"Asti Spumante","price":5.99,"supermarket":"penny","quantity":"","image":""},{"id":729,"title":"Sirup*","price":1.49,"supermarket":"penny","quantity":"","image":""},{"id":730,"title":"LED-Beer-Pong-Tisch*","price":79.99,"supermarket":"penny","quantity":"1.0 stück","image":""},{"id":731,"title":"Hemden- und Blusenbügler*","price":39.99,"supermarket":"penny","quantity":"","image":"https://a226c7accd98bbc75294-b286594b075ef5d81fe9666f2e45d8ba.ssl.cf3.rackcdn.com/img-hyONifxL-medium.jpg"},{"id":732,"title":"Kräuterbutter","price":1.19,"supermarket":"penny","quantity":"","image":"https://a226c7accd98bbc75294-b286594b075ef5d81fe9666f2e45d8ba.ssl.cf3.rackcdn.com/img-MWxMQf_a-medium.jpg"},{"id":733,"title":"Metaxa 5 Stern","price":9.99,"supermarket":"penny","quantity":"","image":"https://a226c7accd98bbc75294-b286594b075ef5d81fe9666f2e45d8ba.ssl.cf3.rackcdn.com/img-Pt9Wbz8Y-medium.jpg"},{"id":734,"title":"MMMAX Schokolade*","price":2.29,"supermarket":"penny","quantity":"","image":"https://a226c7accd98bbc75294-b286594b075ef5d81fe9666f2e45d8ba.ssl.cf3.rackcdn.com/img-WXkGCGee-medium.jpg"},{"id":735,"title":"MILKA GROSSTAFEL 215ER DISPLAY","price":2.29,"supermarket":"penny","quantity":"1.0 stück","image":""},{"id":736,"title":"Mini Spieltische*","price":14.99,"supermarket":"penny","quantity":"1.0 stück","image":""},{"id":737,"title":"Mini-LED-HD-Beamer*","price":99.99,"supermarket":"penny","quantity":"1.0 stück","image":""},{"id":738,"title":"Frisches Mohnflesserl","price":0.49,"supermarket":"penny","quantity":"75.0 gramm stück","image":""},{"id":739,"title":"Joghurt mit der Ecke","price":0.39,"supermarket":"penny","quantity":"","image":""},{"id":740,"title":"Saftig-Süße Nektarinen","price":1.49,"supermarket":"penny","quantity":"1.0 kilogramm korb","image":""},{"id":741,"title":"Classic","price":3.99,"supermarket":"penny","quantity":"","image":""},{"id":742,"title":"NIVEA DUSCHGEL SOMMER 2021","price":1.99,"supermarket":"penny","quantity":"250.0 stück","image":""},{"id":743,"title":"Nutella","price":3.39,"supermarket":"penny","quantity":"700.0 gramm glas","image":""},{"id":744,"title":"Mix od. Cremix","price":0.31,"supermarket":"penny","quantity":"","image":""},{"id":745,"title":"Keks-Rolle Classic*","price":0.99,"supermarket":"penny","quantity":"","image":""},{"id":746,"title":"Keks-Rolle Double Creme*","price":0.99,"supermarket":"penny","quantity":"","image":""},{"id":747,"title":"Keks-Rolle Golden*","price":0.99,"supermarket":"penny","quantity":"","image":""},{"id":748,"title":"Keks-Rolle Strawberry Cheesecake*","price":0.99,"supermarket":"penny","quantity":"","image":""},{"id":749,"title":"Original Nürnberger Rostbratwürstel*","price":4.49,"supermarket":"penny","quantity":"","image":""},{"id":750,"title":"Bier od. Butcher*s Edition*","price":0.44,"supermarket":"penny","quantity":"","image":""},{"id":751,"title":"Grillzwerge","price":3.99,"supermarket":"penny","quantity":"","image":""},{"id":752,"title":"Wassermelone","price":0.99,"supermarket":"penny","quantity":"1.0 kilogramm","image":""},{"id":753,"title":"Knoblauch- od. Kräuterbaguette","price":0.59,"supermarket":"penny","quantity":"","image":""},{"id":754,"title":"Tramezzini Aufstriche","price":0.89,"supermarket":"penny","quantity":"","image":""},{"id":755,"title":"Sachertorte*","price":3.79,"supermarket":"penny","quantity":"","image":""},{"id":756,"title":"PENNY SANDWICH FÜRST-PÜCKLER ART","price":1.99,"supermarket":"penny","quantity":"1000.0 milliliter stück","image":""},{"id":757,"title":"Pepsi Cola","price":0.49,"supermarket":"penny","quantity":"330.0 milliliter dose","image":""},{"id":758,"title":"Cola Max","price":0.49,"supermarket":"penny","quantity":"","image":""},{"id":759,"title":"Kartoffelpüree","price":0.99,"supermarket":"penny","quantity":"","image":""},{"id":760,"title":"Vitaminreicher Rucola- od. Pflücksalat","price":1.29,"supermarket":"penny","quantity":"125.0 gramm tasse","image":""},{"id":761,"title":"Intense*","price":0.84,"supermarket":"penny","quantity":"","image":""},{"id":762,"title":"Brotaufstrich Kräuter","price":0.84,"supermarket":"penny","quantity":"","image":""},{"id":763,"title":"Brotaufstrich Original","price":0.84,"supermarket":"penny","quantity":"","image":"https://a226c7accd98bbc75294-b286594b075ef5d81fe9666f2e45d8ba.ssl.cf3.rackcdn.com/img-BESEUsjD-medium.jpg"},{"id":764,"title":"Herren-Rasierer*","price":29.99,"supermarket":"penny","quantity":"","image":"https://a226c7accd98bbc75294-b286594b075ef5d81fe9666f2e45d8ba.ssl.cf3.rackcdn.com/img-jsWg7fOj-medium.jpg"},{"id":765,"title":"Herren-Rasierer*","price":29.99,"supermarket":"penny","quantity":"","image":"https://a226c7accd98bbc75294-b286594b075ef5d81fe9666f2e45d8ba.ssl.cf3.rackcdn.com/img-TCBYE3Md-medium.jpg"},{"id":766,"title":"Herren-Rasierer und Nasenhaartrimmer*","price":54.99,"supermarket":"penny","quantity":"","image":"https://a226c7accd98bbc75294-b286594b075ef5d81fe9666f2e45d8ba.ssl.cf3.rackcdn.com/img-C_EzJ2xw-medium.jpg"},{"id":767,"title":"Powerbank*","price":19.99,"supermarket":"penny","quantity":"","image":""},{"id":768,"title":"Herren-Rasierer*","price":17.99,"supermarket":"penny","quantity":"","image":""},{"id":769,"title":"Qimiq","price":1.19,"supermarket":"penny","quantity":"300.0 gramm paket","image":""},{"id":770,"title":"Extrawurst","price":1.39,"supermarket":"penny","quantity":"","image":""},{"id":771,"title":"mit Butter","price":1.19,"supermarket":"penny","quantity":"","image":""},{"id":772,"title":"RAUCH EISTEE PFIRSICH DS 330 ML.","price":0.59,"supermarket":"penny","quantity":"330.0 milliliter dose","image":""},{"id":773,"title":"RAUCH EISTEE ZITRONE 0.33 LT DS","price":0.59,"supermarket":"penny","quantity":"330.0 milliliter dose","image":""},{"id":774,"title":"Goldmarke Dralli*","price":1.49,"supermarket":"penny","quantity":"","image":""},{"id":775,"title":"Goldmarke Hörnchen*","price":1.49,"supermarket":"penny","quantity":"","image":""},{"id":776,"title":"Riesling","price":2.99,"supermarket":"penny","quantity":"","image":""},{"id":777,"title":"Rib Eye Steak*","price":13.99,"supermarket":"penny","quantity":"","image":""},{"id":778,"title":"Schmelzkäse Scheiben Chili*","price":1.49,"supermarket":"penny","quantity":"","image":""},{"id":779,"title":"Schmelzkäse Scheiben Pfeffer*","price":1.49,"supermarket":"penny","quantity":"","image":""},{"id":780,"title":"Premium Gouda*","price":4.99,"supermarket":"penny","quantity":"","image":""},{"id":781,"title":"SAN FABIO MOZZARELLA CLASSIC","price":0.59,"supermarket":"penny","quantity":"125.0 gramm packung","image":""},{"id":782,"title":"SAN FABIO MOZZARELLA LIGHT","price":0.59,"supermarket":"penny","quantity":"125.0 gramm packung","image":""},{"id":783,"title":"Mondseer*","price":3.99,"supermarket":"penny","quantity":"","image":""},{"id":784,"title":"Sauerrahm","price":0.69,"supermarket":"penny","quantity":"","image":""},{"id":785,"title":"Schogetten","price":0.59,"supermarket":"penny","quantity":"","image":""},{"id":786,"title":"Schopf","price":5.99,"supermarket":"penny","quantity":"","image":""},{"id":787,"title":"Bier","price":0.59,"supermarket":"penny","quantity":"","image":""},{"id":788,"title":"Kaktus","price":2.49,"supermarket":"penny","quantity":"","image":""},{"id":789,"title":"Pirulo Wassermelone*","price":2.49,"supermarket":"penny","quantity":"","image":""},{"id":790,"title":"Fruchtig Süße Premium Erdbeeren*","price":3.99,"supermarket":"penny","quantity":"","image":""},{"id":791,"title":"Rindsgulaschfleisch im Ganzen","price":5.99,"supermarket":"penny","quantity":"","image":""},{"id":792,"title":"Frisches Rinderfaschiertes","price":2.79,"supermarket":"penny","quantity":"","image":""},{"id":793,"title":"Sicherheitsbox*","price":2.49,"supermarket":"penny","quantity":"1.0 stück","image":""},{"id":794,"title":"Mandeln","price":1.99,"supermarket":"penny","quantity":"","image":""},{"id":795,"title":"SNICKERS 4ER","price":1.09,"supermarket":"penny","quantity":"200.0 gramm packung","image":""},{"id":796,"title":"Oblande Waffeln*","price":1.19,"supermarket":"penny","quantity":"","image":"https://a226c7accd98bbc75294-b286594b075ef5d81fe9666f2e45d8ba.ssl.cf3.rackcdn.com/img-2z8wTBKX-medium.jpg"},{"id":797,"title":"Bier*","price":0.75,"supermarket":"penny","quantity":"","image":"https://a226c7accd98bbc75294-b286594b075ef5d81fe9666f2e45d8ba.ssl.cf3.rackcdn.com/img-y-TrFE0z-medium.jpg"},{"id":798,"title":"SOMAT XXL ALL IN 1 LEMON 57 TABS","price":6.49,"supermarket":"penny","quantity":"57.0 stück karton","image":"https://a226c7accd98bbc75294-b286594b075ef5d81fe9666f2e45d8ba.ssl.cf3.rackcdn.com/img-wGTwXG_s-medium.jpg"},{"id":799,"title":"SOMAT XXL CLASSIC TABS","price":6.49,"supermarket":"penny","quantity":"72.0 stück karton","image":""},{"id":800,"title":"Landfrischkäse Natur","price":0.84,"supermarket":"penny","quantity":"","image":""},{"id":801,"title":"Landfrischkäse Schnittlauch","price":0.84,"supermarket":"penny","quantity":"","image":""},{"id":802,"title":"4-Fach Steckddose*","price":9.99,"supermarket":"penny","quantity":"1.0 stück","image":""},{"id":803,"title":"6-Fach Steckdose mit Griff*","price":11.99,"supermarket":"penny","quantity":"1.0 stück","image":""},{"id":804,"title":"Nagellack-Entferner","price":0.99,"supermarket":"penny","quantity":"","image":""},{"id":805,"title":"Toffifee*","price":5.99,"supermarket":"penny","quantity":"","image":""},{"id":806,"title":"Trockenbaubohrer*","price":29.99,"supermarket":"penny","quantity":"1.0 stück","image":""},{"id":807,"title":"Tutti Frutti*","price":0.79,"supermarket":"penny","quantity":"60.0 gramm packung","image":""},{"id":808,"title":"Tutti Frutti Bears*","price":0.79,"supermarket":"penny","quantity":"60.0 gramm packung","image":""},{"id":809,"title":"TUTTI FRUTTI COLA","price":0.79,"supermarket":"penny","quantity":"60.0 gramm packung","image":""},{"id":810,"title":"Tutti Frutti Hearts","price":0.79,"supermarket":"penny","quantity":"60.0 gramm karton","image":""},{"id":811,"title":"Salted Caramel*","price":1.09,"supermarket":"penny","quantity":"","image":""},{"id":812,"title":"Spitzen-Langkorn-Reis","price":2.99,"supermarket":"penny","quantity":"","image":""},{"id":813,"title":"Spitzen-Langkorn-Reis","price":2.99,"supermarket":"penny","quantity":"","image":""},{"id":814,"title":"Ameisenfalle","price":4.34,"supermarket":"penny","quantity":"","image":""},{"id":815,"title":"Zarte Vanillestange","price":0.59,"supermarket":"penny","quantity":"85.0 gramm stück","image":""},{"id":816,"title":"Gouda Scheiben*","price":2.49,"supermarket":"penny","quantity":"","image":""},{"id":817,"title":"Greek White*","price":2.49,"supermarket":"penny","quantity":"","image":""},{"id":818,"title":"VOESLAUER FLAV. HIMBEERE 1 LT PET","price":0.49,"supermarket":"penny","quantity":"1.0 liter flasche","image":""},{"id":819,"title":"VOESLAUER FLAV. ORANGE 1 LT PET","price":0.49,"supermarket":"penny","quantity":"1.0 liter flasche","image":""},{"id":820,"title":"VOESLAUER FLAV. ZITRONE 1 LT PET","price":0.49,"supermarket":"penny","quantity":"1.0 liter flasche","image":""},{"id":821,"title":"Wasserwaagen-Set*","price":11.99,"supermarket":"penny","quantity":"1.0 stück","image":""},{"id":822,"title":"Frischebeutel","price":6.99,"supermarket":"penny","quantity":"","image":""},{"id":823,"title":"Gelierzucker 1:1*","price":0.99,"supermarket":"penny","quantity":"","image":""},{"id":824,"title":"Gold","price":0.59,"supermarket":"penny","quantity":"","image":""},{"id":825,"title":"Comfort Toilettenpapier Kamille weiß","price":4.99,"supermarket":"penny","quantity":"","image":""},{"id":826,"title":"Comfort Toilettenpapier gelb","price":4.99,"supermarket":"penny","quantity":"","image":""},{"id":827,"title":"Comfort Toilettenpapier weiß","price":4.99,"supermarket":"penny","quantity":"","image":"https://a226c7accd98bbc75294-b286594b075ef5d81fe9666f2e45d8ba.ssl.cf3.rackcdn.com/img-zv_cIR44-medium.jpg"},{"id":828,"title":"Ziegenkäse","price":1.89,"supermarket":"penny","quantity":"","image":"https://a226c7accd98bbc75294-b286594b075ef5d81fe9666f2e45d8ba.ssl.cf3.rackcdn.com/img-sTxKPV4g-medium.jpg"},{"id":829,"title":"Zweigelt","price":2.99,"supermarket":"penny","quantity":"","image":"https://a226c7accd98bbc75294-b286594b075ef5d81fe9666f2e45d8ba.ssl.cf3.rackcdn.com/img-lVByzVSO-medium.jpg"}]